@inproceedings{Kimmig2017,
    title = {{A Collective, Probabilistic Approach to Schema Mapping}},
    year = {2017},
    booktitle = {2017 IEEE 33rd International Conference on Data Engineering (ICDE)},
    author = {Kimmig, Angelika and Memory, Alex and Miller, Renee J. and Getoor, Lise},
    month = {4},
    pages = {921--932},
    publisher = {IEEE},
    url = {http://ieeexplore.ieee.org/document/7930036/},
    isbn = {978-1-5090-6543-1},
    doi = {10.1109/ICDE.2017.140},
    issn = {10844627},
    arxivId = {1702.03447}
}

@article{Roblek2016a,
    title = {{A Complex View of Industry 4.0}},
    year = {2016},
    journal = {SAGE Open},
    author = {Roblek, Vasja and Me{\v{s}}ko, Maja and Krape{\v{z}}, Alojz},
    number = {2},
    pages = {1--11},
    volume = {6},
    url = {http://journals.sagepub.com/doi/pdf/10.1177/2158244016653987},
    doi = {10.1177/2158244016653987}
}

@article{Lee2015b,
    title = {{A Cyber-Physical Systems architecture for Industry 4.0-based manufacturing systems}},
    year = {2015},
    journal = {Manufacturing Letters},
    author = {Lee, Jay and Bagheri, Behrad and Kao, Hung-An},
    month = {1},
    pages = {18--23},
    volume = {3},
    url = {http://linkinghub.elsevier.com/retrieve/pii/S221384631400025X},
    isbn = {22138463 (ISSN)},
    doi = {10.1016/j.mfglet.2014.12.001},
    issn = {22138463},
    arxivId = {1503.07717},
    keywords = {Cyber-Physical System, Health management and prognostics, Industry 4.0, Time machine}
}

@article{Thramboulidis2015,
    title = {{A cyber–physical system-based approach for industrial automation systems}},
    year = {2015},
    journal = {Computers in Industry},
    author = {Thramboulidis, Kleanthis},
    month = {9},
    pages = {92--102},
    volume = {72},
    url = {http://linkinghub.elsevier.com/retrieve/pii/S0166361515000962},
    isbn = {01663615 (ISSN)},
    doi = {10.1016/j.compind.2015.04.006},
    issn = {01663615},
    arxivId = {1407.2077},
    keywords = {Cyber-physical systems, IEC 61131, Industrial automation systems, IoT, Java, Mechatronics, System-based approach, UML/SysML}
}

@incollection{Song13,
    title = {{A Game Theory Based {\{}MapReduce{\}} Scheduling Algorithm}},
    year = {2013},
    booktitle = {Emerging Technologies for Information Systems, Computing, and Management},
    author = {Song, Ge and Yu, Lei and Meng, Zide and Lin, Xuelian},
    editor = {Wong, W Eric and Ma, Tinghuai},
    number = {236},
    pages = {287--296},
    series = {Lecture Notes in Electrical Engineering},
    publisher = {Springer New York},
    doi = {10.1007/978-1-4614-7010-6{\_}33}
}

@inproceedings{Gianniti2017,
    title = {{A Game-Theoretic Approach for Runtime Capacity Allocation in MapReduce}},
    year = {2017},
    booktitle = {2017 17th IEEE/ACM International Symposium on Cluster, Cloud and Grid Computing (CCGRID)},
    author = {Gianniti, Eugenio and Ardagna, Danilo and Ciavotta, Michele and Passacantando, Mauro},
    month = {5},
    pages = {1080--1089},
    publisher = {IEEE},
    url = {http://ieeexplore.ieee.org/document/7973817/},
    isbn = {978-1-5090-6611-7},
    doi = {10.1109/CCGRID.2017.135},
    keywords = {Admission Control, Capacity Allocation, Generalized Nash Equilibrium Problem, Hadoop}
}

@article{Ciavotta2017,
    title = {{A Microservice-based Middleware for the Digital Factory}},
    year = {2017},
    journal = {Procedia Manufacturing},
    author = {Ciavotta, Michele and Alge, Marino and Menato, Silvia and Rovere, Diego and Pedrazzoli, Paolo},
    pages = {931--938},
    volume = {11},
    url = {http://linkinghub.elsevier.com/retrieve/pii/S2351978917304055},
    doi = {10.1016/j.promfg.2017.07.197},
    issn = {23519789}
}

@article{Toro2015,
    title = {{A Perspective on Knowledge Based and Intelligent Systems Implementation in Industrie 4.0}},
    year = {2015},
    journal = {Procedia Computer Science},
    author = {Toro, Carlos and Barandiaran, Iñigo and Posada, Jorge},
    number = {1},
    pages = {362--370},
    volume = {60},
    url = {http://linkinghub.elsevier.com/retrieve/pii/S187705091502270X},
    isbn = {0166-3615},
    doi = {10.1016/j.procs.2015.08.143},
    issn = {18770509},
    pmid = {15487673},
    arxivId = {arXiv:1011.1669v3},
    keywords = {Advanced manufacturing, Digital manufacturing, Industrial Internet, Industrie 4.0, Intelligent systems}
}

@inproceedings{Xuelian,
    title = {{A Practical Performance Model for {\{}Hadoop{\}} {\{}MapReduce{\}}}},
    year = {2012},
    booktitle = {International Conference on Cluster Computing Workshops},
    author = {Lin, Xuelian and Meng, Zide and Xu, Chuan and Wang, Meng},
    organization = {IEEE},
    doi = {10.1109/ClusterW.2012.24}
}

@inproceedings{Ardagna2015,
    title = {{A receding horizon approach for the runtime management of IaaS cloud systems}},
    year = {2015},
    booktitle = {Proceedings - 16th International Symposium on Symbolic and Numeric Algorithms for Scientific Computing, SYNASC 2014},
    author = {Ardagna, Danilo and Ciavotta, Michele and Lancellotti, Riccardo},
    pages = {445--452},
    publisher = {Institute of Electrical and Electronics Engineers Inc.},
    keywords = {Auto-Scaling, Capacity Allocation, Optimization, QoS}
}

@article{Trappey2017,
    title = {{A review of essential standards and patent landscapes for the Internet of Things: A key enabler for Industry 4.0}},
    year = {2017},
    journal = {Advanced Engineering Informatics},
    author = {Trappey, Amy J.C. and Trappey, Charles V. and Hareesh Govindarajan, Usharani and Chuang, Allen C. and Sun, John J.},
    month = {8},
    pages = {208--229},
    volume = {33},
    publisher = {Elsevier},
    url = {http://www.sciencedirect.com/science/article/pii/S1474034616301471 http://linkinghub.elsevier.com/retrieve/pii/S1474034616301471},
    doi = {10.1016/j.aei.2016.11.007},
    issn = {14740346},
    keywords = {Cyber-physical systems (CPS), Industry 4.0, Internet of Thing (IoT), Patent analysis, Technology standards}
}

@article{Chen2015,
    title = {{A Virtual Environment for the Management and Development of Cyber-Physical Manufacturing Systems}},
    year = {2015},
    journal = {IFAC-PapersOnLine},
    author = {Chen, Dejiu and Maffei, Antonio and Ferreirar, João and Akillioglu, Hakan and Khabazzi, Mahmood R. and Zhang, Xinhai},
    number = {7},
    pages = {29--36},
    volume = {48},
    url = {http://linkinghub.elsevier.com/retrieve/pii/S2405896315007089},
    isbn = {2405-8963},
    doi = {10.1016/j.ifacol.2015.06.469},
    issn = {24058963},
    keywords = {Cyber-physical systems (CPS), Domain-specific modeling (DSM), Evolvable production systems (EPS), Model-based development (MBD)}
}

@article{Terkaj2015,
    title = {{A Virtual Factory Data Model as a Support Tool for the Simulation of Manufacturing Systems}},
    year = {2015},
    journal = {Procedia CIRP},
    author = {Terkaj, W. and Urgo, M.},
    month = {1},
    pages = {137--142},
    volume = {28},
    publisher = {Elsevier},
    url = {http://www.sciencedirect.com/science/article/pii/S2212827115002851?_rdoc=1&_fmt=high&_origin=gateway&_docanchor=&md5=b8429449ccfc9c30159a5f9aeaa92ffb&dgcid=raven_sd_recommender_email http://linkinghub.elsevier.com/retrieve/pii/S2212827115002851},
    isbn = {22128271},
    doi = {10.1016/j.procir.2015.04.023},
    issn = {22128271},
    keywords = {Cyber-physical systems, Data model, Finite state machine, Ontology, Performance evaluation, Production systems}
}

@article{Rosen2015,
    title = {{About The Importance of Autonomy and Digital Twins for the Future of Manufacturing}},
    year = {2015},
    journal = {IFAC-PapersOnLine},
    author = {Rosen, Roland and von Wichert, Georg and Lo, George and Bettenhausen, Kurt D.},
    number = {3},
    pages = {567--572},
    volume = {48},
    url = {http://linkinghub.elsevier.com/retrieve/pii/S2405896315003808},
    doi = {10.1016/j.ifacol.2015.06.141},
    issn = {24058963},
    keywords = {Automation, Autonomy, Digital twin, Manufacturing, Simulation}
}

@misc{ec2,
    title = {{Amazon {\{}Elastic{\}} {\{}Compute{\}} {\{}Cloud{\}} ({\{}EC2{\}})}},
    url = {http://aws.amazon.com/ec2}
}

@misc{amazon_emr,
    title = {{Amazon {\{}Elastic{\}} {\{}MapReduce{\}}}},
    url = {https://aws.amazon.com/elasticmapreduce/}
}

@misc{amazon_s3,
    title = {{Amazon {\{}Simple{\}} {\{}Storage{\}} {\{}Service{\}}}},
    url = {https://aws.amazon.com/s3/}
}

@misc{amazon_pricing,
    title = {{Amazon {\{}{\{}EC2{\}}{\}} Pricing}},
    url = {http://aws.amazon.com/ec2/pricing/}
}

@article{Fourer1990,
    title = {{AMPL : A Mathematical Programming Language}},
    year = {1990},
    journal = {Management Science},
    author = {Fourer, Robert and Gay, David M and Hill, Murray and Kernighan, Brian W and Laboratories, T Bell},
    pages = {519--554},
    volume = {36},
    doi = {10.1007/BF01783416},
    issn = {01716468}
}

@inproceedings{Yang,
    title = {{An Analytical Performance Model of {\{}MapReduce{\}}}},
    year = {2011},
    booktitle = {CCIS},
    author = {Yang, Xiao and Sun, Jianling},
    organization = {IEEE}
}

@inproceedings{Phan2011,
    title = {{An Empirical Analysis of Scheduling Techniques for Real-time {\{}Cloud{\}}-based Data Processing}},
    year = {2011},
    booktitle = {SOCA},
    author = {Phan, Linh T X and Zhang, Zhuoyao and Zheng, Qi and Loo, Boon Thau and Lee, Insup},
    url = {http://dx.doi.org/10.1109/SOCA.2011.6166240},
    isbn = {978-1-4673-0318-7},
    doi = {10.1109/SOCA.2011.6166240}
}

@article{Giret2016,
    title = {{An engineering framework for Service-Oriented Intelligent Manufacturing Systems}},
    year = {2016},
    journal = {Computers in Industry},
    author = {Giret, Adriana and Garcia, Emilia and Botti, Vicente},
    month = {9},
    pages = {116--127},
    volume = {81},
    publisher = {Elsevier},
    url = {http://www.sciencedirect.com/science/article/pii/S0166361516300045 http://dx.doi.org/10.1016/j.compind.2016.02.002},
    doi = {10.1016/j.compind.2016.02.002},
    issn = {01663615},
    keywords = {service oriented intelligent manufacturing}
}

@article{Theorin2017,
    title = {{An event-driven manufacturing information system architecture for Industry 4.0}},
    year = {2017},
    journal = {International Journal of Production Research},
    author = {Theorin, Alfred and Bengtsson, Kristofer and Provost, Julien and Lieder, Michael and Johnsson, Charlotta and Lundholm, Thomas and Lennartson, Bengt},
    number = {5},
    month = {3},
    pages = {1297--1311},
    volume = {55},
    publisher = {Taylor {\&} Francis},
    url = {https://www.tandfonline.com/doi/full/10.1080/00207543.2016.1201604},
    doi = {10.1080/00207543.2016.1201604},
    issn = {0020-7543},
    keywords = {agile manufacturing, automation, event-driven architecture, manufacturing information systems, service-oriented manufacturing systems}
}

@misc{Carrera,
    title = {{An Example for Performance Prediction for {\{}Map{\}} {\{}Reduce{\}} Applications in {\{}Cloud{\}} Environments}},
    author = {Carrera, Iván and Scariot, Fabricio and Geyer, Cláudio and Turin, Pierre}
}

@article{Meissner2017,
    title = {{Analysis of Control Architectures in the Context of Industry 4.0}},
    year = {2017},
    journal = {Procedia CIRP},
    author = {Meissner, Hermann and Ilsen, Rebecca and Aurich, Jan C.},
    pages = {165--169},
    volume = {62},
    url = {http://linkinghub.elsevier.com/retrieve/pii/S2212827117300641},
    doi = {10.1016/j.procir.2016.06.113},
    issn = {22128271},
    keywords = {Industry 4.0, Planning, Production planning, Scheduling}
}

@article{Vianna13,
    title = {{Analytical Performance Models for {\{}MapReduce{\}} Workloads}},
    year = {2013},
    journal = {Int J Parallel Prog},
    author = {Vianna, Emanuel and Comarela, Giovanni and Pontes, Tatiana and Almeida, Jussara and Almeida, Virg\'\ilio and Wilkinson, Kevin and Kumo, Haruni and Dayal, Umeshwar},
    pages = {495--525},
    volume = {41},
    doi = {10.1007/s10766-012-0227-4}
}

@article{ViannaCPAAWKD13,
    title = {{Analytical Performance Models for {\{}MapReduce{\}} Workloads}},
    year = {2013},
    journal = {International Journal of Parallel Programming},
    author = {Vianna, Emanuel and Comarela, Giovanni and Pontes, Tatiana and Almeida, Jussara M and Almeida, Virgílio A F and Wilkinson, Kevin and Kuno, Harumi A and Dayal, Umeshwar},
    number = {4},
    pages = {495--525},
    volume = {41}
}

@misc{hive,
    title = {{Apache {\{}Hive{\}}}},
    url = {https://hive.apache.org}
}

@inproceedings{Yang2016,
    title = {{Applications of Internet of Things in manufacturing}},
    year = {2016},
    booktitle = {2016 IEEE 20th International Conference on Computer Supported Cooperative Work in Design (CSCWD)},
    author = {Yang, Chen and Shen, Weiming and Wang, Xianbin},
    month = {5},
    pages = {670--675},
    publisher = {IEEE},
    url = {http://ieeexplore.ieee.org/document/7566069/},
    isbn = {978-1-5090-1915-1},
    doi = {10.1109/CSCWD.2016.7566069},
    keywords = {Big Data, Cloud Computing, Internet of Things, Manufacturing, RFID, WSNs}
}

@misc{knitro,
    title = {{Artelys {\{}Knitro{\}}}},
    url = {http://www.artelys.com/en/optimization-tools/knitro}
}

@inproceedings{Zhang2012,
    title = {{Automated Profiling and Resource Management of {\{}Pig{\}} Programs for Meeting Service Level Objectives}},
    year = {2012},
    booktitle = {ICAC},
    author = {Zhang, Zhuoyao and Cherkasova, Ludmila and Verma, Abhishek and Loo, Boon Thau},
    url = {http://doi.acm.org/10.1145/2371536.2371546},
    isbn = {978-1-4503-1520-3},
    doi = {10.1145/2371536.2371546},
    keywords = {hadoop, pig, resource allocation, scheduling}
}

@inproceedings{Drath2008,
    title = {{AutomationML-the glue for seamless automation engineering}},
    year = {2008},
    booktitle = {Emerging Technologies and Factory Automation, 2008. ETFA 2008. IEEE International Conference on},
    author = {Drath, Rainer and Luder, Arndt and Peschke, Jorn and Hundt, Lorenz},
    pages = {616--623},
    publisher = {IEEE},
    isbn = {1424415055}
}

@misc{Horton1,
    title = {{Benchmarking {\{}Apache{\}} {\{}Hive{\}} 13 for Enterprise {\{}Hadoop{\}}}},
    author = {Shanklin, Carter},
    url = {https://hadoop.apache.org/docs/r2.4.1/hadoop-yarn/hadoop-yarn-site/CapacityScheduler.html}
}

@article{Zhong2017,
    title = {{Big Data Analytics for Physical Internet-based intelligent manufacturing shop floors}},
    year = {2017},
    journal = {International Journal of Production Research},
    author = {Zhong, Ray Y. and Xu, Chen and Chen, Chao and Huang, George Q.},
    number = {9},
    month = {5},
    pages = {2610--2621},
    volume = {55},
    url = {https://www.tandfonline.com/doi/full/10.1080/00207543.2015.1086037},
    isbn = {00207543 (ISSN)},
    doi = {10.1080/00207543.2015.1086037},
    issn = {1366588X},
    pmid = {1884105865},
    keywords = {Physical Internet, big data, intelligent shop floors, logistics, radio frequency identification (RFID)}
}

@book{Marz2015,
    title = {{Big Data: Principles and best practices of scalable realtime data systems}},
    year = {2015},
    author = {Marz, Nathan and Warren, James},
    publisher = {Manning Publications Co.},
    isbn = {1617290343}
}

@article{Manyika2011,
    title = {{Big data: The next frontier for innovation, competition, and productivity}},
    year = {2011},
    author = {Manyika, James and Chui, Michael and Brown, Brad and Bughin, Jacques and Dobbs, Richard and Roxburgh, Charles and Byers, Angela H}
}

@article{Jagadish2014,
    title = {{Big {\{}Data{\}} and Its Technical Challenges}},
    year = {2014},
    journal = {Commun. ACM},
    author = {Jagadish, H V and Gehrke, Johannes and Labrinidis, Alexandros and Papakonstantinou, Yannis and Patel, Jignesh M and Ramakrishnan, Raghu and Shahabi, Cyrus},
    number = {7},
    month = {7},
    pages = {86--94},
    volume = {57},
    publisher = {ACM},
    address = {New York, NY, USA},
    issn = {0001-0782}
}

@article{DebRoy2017,
    title = {{Building digital twins of 3D printing machines}},
    year = {2017},
    journal = {Scripta Materialia},
    author = {DebRoy, T. and Zhang, W. and Turner, J. and Babu, S.S.},
    month = {7},
    pages = {119--124},
    volume = {135},
    url = {http://linkinghub.elsevier.com/retrieve/pii/S1359646216305991},
    doi = {10.1016/j.scriptamat.2016.12.005},
    issn = {13596462},
    keywords = {Additive manufacturing, Heat transfer and material flow, Microstructure and properties, Residual stresses and distortion, Solidification and texture}
}

@article{Fionda2016,
    title = {{Building knowledge maps of Web graphs}},
    year = {2016},
    journal = {Artificial Intelligence},
    author = {Fionda, Valeria and Gutierrez, Claudio and Pirr{\`{o}}, Giuseppe},
    month = {10},
    pages = {143--167},
    volume = {239},
    url = {www.elsevier.com/locate/artint http://linkinghub.elsevier.com/retrieve/pii/S0004370216300807},
    isbn = {9781577356578},
    doi = {10.1016/j.artint.2016.07.003},
    issn = {00043702},
    keywords = {Linked data, Maps of the web, Navigation, Semantic web, Web of data}
}

@book{Newman2015,
    title = {{Building microservices: designing fine-grained systems}},
    year = {2015},
    author = {Newman, Sam},
    publisher = {" O'Reilly Media, Inc."},
    isbn = {1491950331}
}

@article{Lakshman2010,
    title = {{Cassandra}},
    year = {2010},
    journal = {ACM SIGOPS Operating Systems Review},
    author = {Lakshman, Avinash and Malik, Prashant},
    number = {2},
    pages = {35},
    volume = {44},
    url = {http://dl.acm.org/citation.cfm?id=1773912.1773922},
    isbn = {9781605583969},
    doi = {10.1145/1773912.1773922},
    issn = {01635980}
}

@article{Berger2016,
    title = {{Characterization of Cyber-Physical Sensor Systems}},
    year = {2016},
    journal = {Procedia CIRP},
    author = {Berger, Christoph and Hees, Andreas and Braunreuther, Stefan and Reinhart, Gunther},
    pages = {638--643},
    volume = {41},
    url = {http://linkinghub.elsevier.com/retrieve/pii/S2212827115010987},
    isbn = {4982156883},
    doi = {10.1016/j.procir.2015.12.019},
    issn = {22128271},
    keywords = {Cyber-Physical Sensor System, Cyber-Physical Systems, Modular design, Sensor}
}

@inproceedings{BCHLR05,
    title = {{Comparison of the Expressiveness of Timed Automata and Time Petri Nets}},
    year = {2005},
    booktitle = {Proceedings of the International Conference on Formal Modeling and Analysis of Timed Systems (FORMATS)},
    author = {B{\'{e}}rard, Beatrice and Cassez, Franck and Haddad, Serge and Lime, Didier and Roux, Olivier H},
    pages = {211--225}
}

@book{Garey:1990:CIG:574848,
    title = {{Computers and Intractability: A Guide to the Theory of {\{}NP{\}}-Completeness}},
    year = {1990},
    author = {Garey, Michael R and Johnson, David S},
    publisher = {W.{\textbackslash} H.{\textbackslash} Freeman {\&} Co.},
    address = {New York, NY, USA},
    isbn = {0716710455}
}

@article{Zhuang2017,
    title = {{Connotation, architecture and trends of product digital twin}},
    year = {2017},
    journal = {Jisuanji Jicheng Zhizao Xitong/Computer Integrated Manufacturing Systems, CIMS},
    author = {Zhuang, Cunbo and Liu, Jianhua and Xiong, Hui and Ding, Xiaoyu and Liu, Shaoli and Weng, Gang},
    number = {4},
    pages = {753--768},
    volume = {23},
    doi = {10.13196/j.cims.2017.04.010},
    issn = {10065911}
}

@article{Wang2015,
    title = {{Current status and advancement of cyber-physical systems in manufacturing}},
    year = {2015},
    journal = {Journal of Manufacturing Systems},
    author = {Wang, Lihui and T{\"{o}}rngren, Martin and Onori, Mauro},
    month = {10},
    pages = {517--527},
    volume = {37},
    url = {http://linkinghub.elsevier.com/retrieve/pii/S0278612515000400},
    isbn = {02786125 (ISSN)},
    doi = {10.1016/j.jmsy.2015.04.008},
    issn = {02786125}
}

@article{Jazdi2014a,
    title = {{Cyber physical systems in the context of Industry 4.0}},
    year = {2014},
    journal = {2014 IEEE Automation, Quality and Testing, Robotics},
    author = {Jazdi, N},
    pages = {2--4},
    url = {http://ieeexplore.ieee.org/xpls/abs_all.jsp?arnumber=6857843},
    isbn = {978-1-4799-3732-5},
    doi = {10.1109/AQTR.2014.6857843},
    keywords = {CPS, Cloud Technology, Industry 4.0, Internet of Things}
}

@article{Jazdi2014,
    title = {{Cyber physical systems in the context of Industry 4.0}},
    year = {2014},
    journal = {2014 IEEE Automation, Quality and Testing, Robotics},
    author = {Jazdi, N},
    pages = {2--4},
    url = {http://ieeexplore.ieee.org/xpls/abs_all.jsp?arnumber=6857843},
    isbn = {978-1-4799-3732-5},
    doi = {10.1109/AQTR.2014.6857843},
    keywords = {CPS, Cloud Technology, Industry 4.0, Internet of Things}
}

@article{Razzaq2013,
    title = {{Cyber security: Threats, reasons, challenges, methodologies and state of the art solutions for industrial applications}},
    year = {2013},
    journal = {2013 IEEE Eleventh International Symposium on Autonomous Decentralized Systems (ISADS)},
    author = {Razzaq, Abdul and Hur, Ali and Ahmad, H Farooq and Masood, Muddassar},
    pages = {1--6},
    url = {http://ieeexplore.ieee.org/lpdocs/epic03/wrapper.htm?arnumber=6513420},
    isbn = {978-1-4673-5070-9},
    doi = {10.1109/ISADS.2013.6513420},
    keywords = {cyber security, cyber threat, web security}
}

@article{Monostori2014,
    title = {{Cyber-physical Production Systems: Roots, Expectations and R{\&}amp;D Challenges}},
    year = {2014},
    journal = {Procedia CIRP},
    author = {Monostori, László},
    pages = {9--13},
    volume = {17},
    url = {http://linkinghub.elsevier.com/retrieve/pii/S2212827114003497},
    isbn = {2212-8271},
    doi = {10.1016/j.procir.2014.03.115},
    issn = {22128271},
    keywords = {Cyber-physical systems, Distributed systems, Manufacturing systems}
}

@article{Bagheri2015,
    title = {{Cyber-physical Systems Architecture for Self-Aware Machines in Industry 4.0 Environment}},
    year = {2015},
    journal = {IFAC-PapersOnLine},
    author = {Bagheri, Behrad and Yang, Shanhu and Kao, Hung-An and Lee, Jay},
    number = {3},
    pages = {1622--1627},
    volume = {48},
    url = {http://linkinghub.elsevier.com/retrieve/pii/S2405896315005571},
    isbn = {2405-8963},
    doi = {10.1016/j.ifacol.2015.06.318},
    issn = {24058963},
    keywords = {Cyber-Physical systems, Failure prognostic, Iintelligent diagnostic methodologies, Industry 40, Predictive maintenance, Prognostics and health management}
}

@article{Monostori2016,
    title = {{Cyber-physical systems in manufacturing}},
    year = {2016},
    journal = {CIRP Annals - Manufacturing Technology},
    author = {Monostori, L. and K{\'{a}}d{\'{a}}r, B. and Bauernhansl, T. and Kondoh, S. and Kumara, S. and Reinhart, G. and Sauer, O. and Schuh, G. and Sihn, W. and Ueda, K.},
    number = {2},
    pages = {621--641},
    volume = {65},
    url = {http://linkinghub.elsevier.com/retrieve/pii/S0007850616301974},
    isbn = {0007-8506},
    doi = {10.1016/j.cirp.2016.06.005},
    issn = {17260604},
    keywords = {Cyber-physical systems, Distributed systems, Manufacturing systems}
}

@article{Cheng2017,
    title = {{Data and Knowledge Mining with Big Data towards Smart Production}},
    year = {2017},
    journal = {Journal of Industrial Information Integration},
    author = {Cheng, Ying and Chen, Ken and Sun, Hemeng and Zhang, Yongping and Tao, Fei},
    month = {9},
    pages = {In press},
    publisher = {Elsevier},
    url = {http://www.sciencedirect.com/science/article/pii/S2452414X17300584 http://linkinghub.elsevier.com/retrieve/pii/S2452414X17300584},
    doi = {10.1016/j.jii.2017.08.001},
    issn = {2452414X},
    keywords = {Big data, Data mining techniques (DMTs), Knowledge discovery, Production management, Smart manufacturing, Statistical analysis}
}

@inproceedings{Yun2017,
    title = {{Data-centric middleware based digital twin platform for dependable cyber-physical systems}},
    year = {2017},
    booktitle = {2017 Ninth International Conference on Ubiquitous and Future Networks (ICUFN)},
    author = {Yun, Seongjin and Park, Jun-Hong and Kim, Won-Tae},
    month = {7},
    pages = {922--926},
    publisher = {IEEE},
    url = {http://ieeexplore.ieee.org/document/7993933/},
    isbn = {978-1-5090-4749-9},
    doi = {10.1109/ICUFN.2017.7993933},
    issn = {21658536},
    keywords = {ADAS, CPS, Communication Middleware, Digital twin, Modeling{\&}Simulation}
}

@inproceedings{Hermann2016,
    title = {{Design Principles for Industrie 4.0 Scenarios}},
    year = {2016},
    booktitle = {2016 49th Hawaii International Conference on System Sciences (HICSS)},
    author = {Hermann, Mario and Pentek, Tobias and Otto, Boris},
    month = {1},
    pages = {3928--3937},
    volume = {2016-March},
    publisher = {IEEE},
    url = {http://ieeexplore.ieee.org/document/7427673/},
    isbn = {978-0-7695-5670-3},
    doi = {10.1109/HICSS.2016.488},
    issn = {15301605},
    pmid = {15003161},
    arxivId = {arXiv:1011.1669v3},
    keywords = {Case Study, Design Principles, Industrie 4.0, Industry 4.0, Internet of Everything, Internet of Things, Smart Factory}
}

@article{Hehenberger2016,
    title = {{Design, modelling, simulation and integration of cyber physical systems: Methods and applications}},
    year = {2016},
    journal = {Computers in Industry},
    author = {Hehenberger, P. and Vogel-Heuser, B. and Bradley, D. and Eynard, B. and Tomiyama, T. and Achiche, S.},
    month = {10},
    pages = {273--289},
    volume = {82},
    publisher = {Elsevier},
    url = {http://www.sciencedirect.com/science/article/pii/S0166361516300902 http://linkinghub.elsevier.com/retrieve/pii/S0166361516300902},
    isbn = {01663615 (ISSN)},
    doi = {10.1016/j.compind.2016.05.006},
    issn = {01663615},
    keywords = {CPS-paradigm, Cyber physical systems, Design, Mechatronics, Modelling, System classification}
}

@book{Httermann2012,
    title = {{DevOps for developers}},
    year = {2012},
    author = {Httermann, Michael},
    publisher = {Apress},
    isbn = {1430245700}
}

@misc{Cooper2006,
    title = {{Digital smart factory: How smart?}},
    year = {2006},
    booktitle = {Graphic Arts Monthly},
    author = {Cooper, Kevin},
    number = {12},
    pages = {16},
    volume = {78},
    issn = {10479325}
}

@article{Brenner2017,
    title = {{Digital Twin as Enabler for an Innovative Digital Shopfloor Management System in the ESB Logistics Learning Factory at Reutlingen - University}},
    year = {2017},
    journal = {Procedia Manufacturing},
    author = {Brenner, Beate and Hummel, Vera},
    pages = {198--205},
    volume = {9},
    url = {http://linkinghub.elsevier.com/retrieve/pii/S2351978917301579},
    doi = {10.1016/j.promfg.2017.04.039},
    issn = {23519789},
    keywords = {2351-9789, Digital twin, business ecosystem, cloud- and app-based platform, digital factory, digital shopfloor management, indoor localization, sensor combinations, software agents}
}

@article{Schroeder2016a,
    title = {{Digital Twin Data Modeling with AutomationML and a Communication Methodology for Data Exchange}},
    year = {2016},
    journal = {IFAC-PapersOnLine},
    author = {Schroeder, Greyce N and Steinmetz, Charles and Pereira, Carlos E and Espindola, Danubia B},
    number = {30},
    pages = {12--17},
    volume = {49},
    url = {www.sciencedirect.com},
    isbn = {24058963 (ISSN)},
    doi = {10.1016/j.ifacol.2016.11.115},
    issn = {24058963},
    keywords = {Cyber Physical Systems (CPS), Digital Twin, Industry 4.0, Internet of Things (IoT), data exchange}
}

@article{Tao2017a,
    title = {{Digital twin-driven product design, manufacturing and service with big data}},
    year = {2017},
    journal = {The International Journal of Advanced Manufacturing Technology},
    author = {Tao, Fei and Cheng, Jiangfeng and Qi, Qinglin and Zhang, Meng and Zhang, He and Sui, Fangyuan},
    month = {3},
    pages = {1--14},
    publisher = {Springer London},
    url = {http://link.springer.com/10.1007/s00170-017-0233-1},
    isbn = {02683768 (ISSN)},
    doi = {10.1007/s00170-017-0233-1},
    issn = {0268-3768},
    keywords = {Big data, Cyber and physical convergence., Design Manufacturing Service, Digital twin, Product lifecycle}
}

@incollection{Boschert2016,
    title = {{Digital twin-the simulation aspect}},
    year = {2016},
    booktitle = {Mechatronic Futures: Challenges and Solutions for Mechatronic Systems and Their Designers},
    author = {Boschert, Stefan and Rosen, Roland},
    pages = {59--74},
    publisher = {Springer International Publishing},
    url = {http://link.springer.com/10.1007/978-3-319-32156-1_5},
    address = {Cham},
    isbn = {9783319321561},
    doi = {10.1007/978-3-319-32156-1{\_}6}
}

@incollection{Grieves2016,
    title = {{Digital Twin: Mitigating Unpredictable, Undesirable Emergent Behavior in Complex Systems}},
    year = {2017},
    booktitle = {Transdisciplinary Perspectives on Complex Systems},
    author = {Grieves, Michael and Vickers, John},
    pages = {85--113},
    publisher = {Springer International Publishing},
    url = {http://link.springer.com/10.1007/978-3-319-38756-7_4},
    address = {Cham},
    isbn = {9783319387567},
    doi = {10.1007/978-3-319-38756-7{\_}4}
}

@article{Rayan2017,
    title = {{Digital Twins: A Lead to industrial revolution}},
    year = {2017},
    journal = {IJCRCST - International Journal of Contemporary Research in Computer Science and Technology},
    author = {Rayan, R.Ame and Kaviya, A.},
    number = {1},
    pages = {7--10},
    volume = {3}
}

@incollection{Nylund2008,
    title = {{Digital Virtual Holons — An Approach to Digital Manufacturing Systems}},
    year = {2008},
    booktitle = {Manufacturing Systems and Technologies for the New Frontier},
    author = {Nylund, Hasse and Salminen, Kai and Andersson, Paul},
    pages = {103--106},
    url = {http://link.springer.com/10.1007/978-1-84800-267-8_20},
    isbn = {978-1-84800-266-1},
    doi = {10.1007/978-1-84800-267-8{\_}20},
    keywords = {digital, holonic, manufacturing system}
}

@article{Zaharia2013,
    title = {{Discretized Streams: Fault-Tolerant Streaming Computation at Scale}},
    year = {2013},
    journal = {Sosp},
    author = {Zaharia, Matei and Das, Tathagata and Li, Haoyuan and Hunter, Timothy and Shenker, Scott and Stoica, Ion},
    number = {1},
    pages = {423--438},
    url = {http://dx.doi.org/10.1145/2517349.2522737},
    isbn = {9781450323888},
    doi = {10.1145/2517349.2522737}
}

@article{Li2017,
    title = {{Efficient certificateless access control for industrial Internet of Things}},
    year = {2017},
    journal = {Future Generation Computer Systems},
    author = {Li, Fagen and Hong, Jiaojiao and Omala, Anyembe Andrew},
    month = {11},
    pages = {285--292},
    volume = {76},
    publisher = {North-Holland},
    url = {http://www.sciencedirect.com/science/article/pii/S0167739X16308664?_rdoc=1&_fmt=high&_origin=gateway&_docanchor=&md5=b8429449ccfc9c30159a5f9aeaa92ffb&dgcid=raven_sd_recommender_email http://linkinghub.elsevier.com/retrieve/pii/S0167739X16308664},
    doi = {10.1016/j.future.2016.12.036},
    issn = {0167739X},
    keywords = {Certificateless cryptography, Industrial wireless sensor network, Internet of Things, Security, Signcryption}
}

@article{Morgan2017,
    title = {{Enabling a ubiquitous and cloud manufacturing foundation with field-level service-oriented architecture}},
    year = {2015},
    journal = {International Journal of Computer Integrated Manufacturing},
    author = {Morgan, Jeff and O’Donnell, Garret E.},
    number = {4-5},
    month = {5},
    pages = {1--17},
    volume = {30},
    publisher = {Taylor {\&} Francis},
    url = {http://www.tandfonline.com/doi/full/10.1080/0951192X.2015.1032355},
    isbn = {0951192X (ISSN)},
    doi = {10.1080/0951192X.2015.1032355},
    issn = {0951-192X},
    keywords = {cyber physical systems, reconfigurable manufacturing systems, service-oriented architecture}
}

@inproceedings{Morton2010b,
    title = {{Estimating the Progress of {\{}MapReduce{\}} Pipelines}},
    year = {2010},
    booktitle = {ICDE},
    author = {Morton, K and Friesen, A and Balazinska, M and Grossman, D}
}

@article{Castiglione2014,
    title = {{Exploiting Mean Field Analysis to Model Performances of {\{}Big{\}} {\{}Data{\}} Architectures}},
    year = {2014},
    journal = {Future Generation Computer Systems},
    author = {Castiglione, Aniello and Gribaudo, Marco and Iacono, Mauro and Palmieri, Francesco},
    number = {0},
    pages = {203--211},
    volume = {37},
    url = {http://www.sciencedirect.com/science/article/pii/S0167739X13001611},
    doi = {10.1016/j.future.2013.07.016},
    issn = {0167-739X},
    keywords = {Multi-formalism modeling}
}

@inproceedings{ZhangZCT2014,
    title = {{Exploiting {\{}Cloud{\}} Heterogeneity for Optimized Cost/Performance {\{}MapReduce{\}} Processing}},
    year = {2014},
    booktitle = {CloudDP},
    author = {Zhang, Zhuoyao and Cherkasova, Ludmila and Loo, Boon Thau},
    isbn = {978-1-4503-2714-5}
}

@article{CherkasowaPER2015,
    title = {{Exploiting {\{}Cloud{\}} Heterogeneity to Optimize Performance and Cost of {\{}MapReduce{\}} Processing}},
    year = {2015},
    journal = {{\{}SIGMETRICS{\}} Performance Evaluation Review},
    author = {Zhang, Zhuoyao and Cherkasova, Ludmila and Loo, Boon Thau},
    number = {4},
    pages = {38--50},
    volume = {42},
    url = {http://doi.acm.org/10.1145/2788402.2788409},
    doi = {10.1145/2788402.2788409}
}

@article{Zhang2015,
    title = {{Exploiting {\{}Cloud{\}} Heterogeneity to Optimize Performance and Cost of {\{}MapReduce{\}} Processing}},
    year = {2015},
    journal = {{\{}SIGMETRICS{\}} Performance Evaluation Review},
    author = {Zhang, Zhuoyao and Cherkasova, Ludmila and Loo, Boon Thau},
    number = {4},
    pages = {38--50},
    volume = {42},
    url = {http://doi.acm.org/10.1145/2788402.2788409},
    doi = {10.1145/2788402.2788409}
}

@inproceedings{Schluse2016a,
    title = {{From simulation to experimentable digital twins: Simulation-based development and operation of complex technical systems}},
    year = {2016},
    booktitle = {ISSE 2016 - 2016 International Symposium on Systems Engineering - Proceedings Papers},
    author = {Schluse, Michael and Rossmann, Juergen},
    isbn = {9781509007936},
    doi = {10.1109/SysEng.2016.7753162},
    keywords = {Digital Twin, Simulation Technology, Virtual Testbed, eRobotics}
}

@article{Weyer2016,
    title = {{Future Modeling and Simulation of CPS-based Factories: an Example from the Automotive Industry}},
    year = {2016},
    journal = {IFAC-PapersOnLine},
    author = {Weyer, Stephan and Meyer, Torben and Ohmer, Moritz and Gorecky, Dominic and Z{\"{u}}hlke, Detlef},
    number = {31},
    pages = {97--102},
    volume = {49},
    url = {http://linkinghub.elsevier.com/retrieve/pii/S2405896316328397},
    isbn = {24058963 (ISSN)},
    doi = {10.1016/j.ifacol.2016.12.168},
    issn = {24058963}
}

@inproceedings{Zhang14,
    title = {{Game Theory based Dynamic Resource Allocation for Hybrid Environment with {\{}Cloud{\}} and {\{}Big{\}} {\{}Data{\}} Applications}},
    year = {2014},
    booktitle = {International Conference on Systems, Man, and Cybernetics},
    author = {Zhang, Junxue and Dong, Fang and Shen, Dian and Luo, Junzhou},
    month = {10},
    pages = {1128--1133},
    organization = {IEEE}
}

@inproceedings{Abdulla96,
    title = {{General decidability theorems for infinite-state systems}},
    year = {1996},
    booktitle = {Logic in Computer Science, 1996. LICS '96. Proceedings., Eleventh Annual IEEE Symposium on},
    author = {Abdulla, P A and Cerans, K and Jonsson, B and Yih-Kuen, T},
    month = {7},
    pages = {313--321}
}

@article{Ardagna2015a,
    title = {{Generalized Nash Equilibria for the Service Provisioning Problem in Multi-Cloud Systems}},
    year = {2015},
    journal = {IEEE Transactions on Services Computing},
    author = {Ardagna, Danilo and Ciavotta, Michele and Passacantando, Mauro},
    number = {99},
    pages = {1--1},
    volume = {PP},
    url = {http://ieeexplore.ieee.org/lpdocs/epic03/wrapper.htm?arnumber=7254225},
    doi = {10.1109/TSC.2015.2477836},
    issn = {1939-1374},
    keywords = {Biological system modeling, Cloud Computing, Computational modeling, Game Theory, Games, Generalized Nash Equilibrium, Nash equilibrium, Resource management, Software as a service}
}

@inproceedings{Banerjee2017,
    title = {{Generating Digital Twin models using Knowledge Graphs for Industrial Production Lines}},
    year = {2017},
    booktitle = {Workshop on Industrial Knowledge Graph},
    author = {Banerjee, Agniva and Dalal, Raka and Mittal, Sudip and Joshi, Karuna Pande},
    url = {http://ebiquity.umbc.edu/paper/html/id/779/Generating-Digital-Twin-models-using-Knowledge-Graphs-for-Industrial-Production-Lines http://ebiquity.umbc.edu/get/a/publication/850.pdf},
    keywords = {Big Data, Digital Twin, Industrial Internet of Things, Knowledge Graph, Semantic Web}
}

@article{Pelkonen2015,
    title = {{Gorilla}},
    year = {2015},
    journal = {Proceedings of the VLDB Endowment},
    author = {Pelkonen, Tuomas and Franklin, Scott and Teller, Justin and Cavallaro, Paul and Huang, Qi and Meza, Justin and Veeraraghavan, Kaushik},
    number = {12},
    month = {8},
    pages = {1816--1827},
    volume = {8},
    url = {http://www.vldb.org/pvldb/vol8/p1816-teller.pdf http://dl.acm.org/citation.cfm?doid=2824032.2824078},
    doi = {10.14778/2824032.2824078},
    issn = {21508097}
}

@article{Xin2014,
    title = {{GraphX: Unifying Data-Parallel and Graph-Parallel Analytics}},
    year = {2014},
    author = {Xin, Reynold S and Crankshaw, Daniel and Dave, Ankur and Gonzalez, Joseph E and Franklin, Michael J and Stoica, Ion},
    month = {2},
    url = {https://arxiv.org/pdf/1402.2394.pdf http://arxiv.org/abs/1402.2394},
    isbn = {1402.2394},
    issn = {0002-9513},
    arxivId = {1402.2394}
}

@article{Vogel-Heuser2016,
    title = {{Guest Editorial Industry 4.0–Prerequisites and Visions}},
    year = {2016},
    journal = {IEEE Transactions on Automation Science and Engineering},
    author = {Vogel-Heuser, Birgit and Hess, Dieter},
    number = {2},
    month = {4},
    pages = {411--413},
    volume = {13},
    url = {http://ieeexplore.ieee.org/document/7410115/},
    isbn = {1545-5955 VO - 13},
    doi = {10.1109/TASE.2016.2523639},
    issn = {1545-5955}
}

@misc{Herodotou,
    title = {{Hadoop Performance Models}},
    year = {2011},
    author = {Herodotou, Herodotos},
    month = {6},
    institution = {Duke University}
}

@misc{capacitySched,
    title = {{Hadoop {\{}MapReduce{\}} Next Generation --- {\{}Capacity{\}} {\{}Scheduler{\}}}},
    url = {http://hortonworks.com/blog/benchmarking-apache-hive-13-enterprise-hadoop/}
}

@inproceedings{YanCZS14b,
    title = {{Heterogeneous Cores for {\{}MapReduce{\}} Processing: Opportunity or Challenge?}},
    year = {2014},
    booktitle = {NOMS},
    author = {Yan, Feng and Cherkasova, Ludmila and Zhang, Zhuoyao and Smirni, Evgenia},
    doi = {10.1109/NOMS.2014.6838339}
}

@inproceedings{Opresnik2014,
    title = {{ICT enabled operationalization of collaborative servitization}},
    year = {2014},
    booktitle = {2014 International Conference on Engineering, Technology and Innovation: Engineering Responsible Innovation in Products and Services, ICE 2014},
    author = {Opresnik, D. and Hirsch, M. and Zanetti, C. and Taisch, M. and Isaja, M.},
    month = {6},
    pages = {1--6},
    publisher = {IEEE},
    url = {http://ieeexplore.ieee.org/document/6871605/},
    isbn = {978-1-4799-4735-5},
    doi = {10.1109/ICE.2014.6871605},
    issn = {9781479947355},
    keywords = {ecosystem, manufacturing, product-service, service engineering, servitization}
}

@article{Tao2017b,
    title = {{IIHub: an Industrial Internet-of-Things Hub Towards Smart Manufacturing Based on Cyber-Physical System}},
    year = {2017},
    journal = {IEEE Transactions on Industrial Informatics},
    author = {Tao, Fei and Cheng, Jiangfeng and Qi, Qinglin},
    pages = {1--1},
    url = {http://ieeexplore.ieee.org/document/8055624/},
    doi = {10.1109/TII.2017.2759178},
    issn = {1551-3203}
}

@article{Wang2016a,
    title = {{Implementing Smart Factory of Industrie 4.0: An Outlook}},
    year = {2016},
    journal = {International Journal of Distributed Sensor Networks},
    author = {Wang, Shiyong and Wan, Jiafu and Li, Di and Zhang, Chunhua},
    number = {1},
    month = {1},
    pages = {3159805},
    volume = {12},
    url = {http://journals.sagepub.com/doi/10.1155/2016/3159805},
    isbn = {1550-1329},
    doi = {10.1155/2016/3159805},
    issn = {1550-1477}
}

@article{Leitao2016,
    title = {{Industrial automation based on cyber-physical systems technologies: Prototype implementations and challenges}},
    year = {2016},
    journal = {Computers in Industry},
    author = {Leit{\~{a}}o, Paulo and Colombo, Armando Walter and Karnouskos, Stamatis},
    month = {9},
    pages = {11--25},
    volume = {81},
    publisher = {Elsevier},
    url = {http://www.sciencedirect.com/science/article/pii/S0166361515300348},
    isbn = {01663615 (ISSN)},
    doi = {10.1016/j.compind.2015.08.004},
    issn = {01663615},
    keywords = {Collaborative automation, Cyber-physical systems, Multi-agent systems, Next generation of industrial systems, Self-organization, Service-oriented architectures}
}

@inproceedings{Lee2015c,
    title = {{Industrial Big Data Analytics and Cyber-physical Systems for Future Maintenance {\&} Service Innovation}},
    year = {2015},
    booktitle = {Procedia CIRP},
    author = {Lee, Jay and Ardakani, Hossein Davari and Yang, Shanhu and Bagheri, Behrad},
    pages = {3--7},
    volume = {38},
    isbn = {22128271},
    doi = {10.1016/j.procir.2015.08.026},
    issn = {22128271},
    keywords = {Cyber-physical systems, industrial big data, intelligent maintenance systems, predictive maintenance}
}

@article{Mourtzis2016,
    title = {{Industrial Big Data as a Result of IoT Adoption in Manufacturing}},
    year = {2016},
    journal = {Procedia CIRP},
    author = {Mourtzis, D. and Vlachou, E. and Milas, N.},
    pages = {290--295},
    volume = {55},
    url = {http://linkinghub.elsevier.com/retrieve/pii/S2212827116307880},
    isbn = {22128271},
    doi = {10.1016/j.procir.2016.07.038},
    issn = {22128271},
    keywords = {Big Data, IoT, Manufacturing, Monitoring}
}

@article{Civerchia2017,
    title = {{Industrial Internet of Things monitoring solution for advanced predictive maintenance applications}},
    year = {2017},
    journal = {Journal of Industrial Information Integration},
    author = {Civerchia, Federico and Bocchino, Stefano and Salvadori, Claudio and Rossi, Enrico and Maggiani, Luca and Petracca, Matteo},
    month = {9},
    pages = {4--12},
    volume = {7},
    publisher = {Elsevier},
    url = {http://www.sciencedirect.com/science/article/pii/S2452414X16300954 http://linkinghub.elsevier.com/retrieve/pii/S2452414X16300954},
    doi = {10.1016/j.jii.2017.02.003},
    issn = {2452414X},
    keywords = {Industrial Internet-of-Things, Industrial monitoring, Smart plants}
}

@article{Canedo2016,
    title = {{Industrial IoT lifecycle via digital twins}},
    year = {2016},
    journal = {Proceedings of the Eleventh IEEE/ACM/IFIP International Conference on Hardware/Software Codesign and System Synthesis - CODES '16},
    author = {Canedo, Arquimedes},
    pages = {1--1},
    url = {http://dl.acm.org/citation.cfm?doid=2968456.2974007},
    isbn = {9781450344838},
    doi = {10.1145/2968456.2974007}
}

@article{Drath2014,
    title = {{Industrie 4.0: Hit or Hype? [Industry Forum]}},
    year = {2014},
    journal = {IEEE Industrial Electronics Magazine},
    author = {Drath, Rainer and Horch, Alexander},
    number = {2},
    month = {6},
    pages = {56--58},
    volume = {8},
    url = {http://ieeexplore.ieee.org/document/6839101/},
    isbn = {1932-4529},
    doi = {10.1109/MIE.2014.2312079},
    issn = {1932-4529}
}

@incollection{Schmidt2015,
    title = {{Industry 4.0 - Potentials for Creating Smart Products: Empirical Research Results}},
    year = {2015},
    booktitle = {Lecture Notes in Business Information Processing},
    author = {Schmidt, Rainer and M{\"{o}}hring, Michael and H{\"{a}}rting, Ralf-Christian and Reichstein, Christopher and Neumaier, Pascal and Jozinovi{\'{c}}, Philip},
    pages = {16--27},
    volume = {208},
    url = {http://link.springer.com/10.1007/978-3-319-19027-3_2},
    isbn = {9783319190266},
    doi = {10.1007/978-3-319-19027-3{\_}2},
    issn = {18651348},
    keywords = {Business information systems, Cyber physical systems, Empirical research, Industry 4.0, Study}
}

@article{Liu2016,
    title = {{Industry 4.0 and Cloud Manufacturing: A Comparative Analysis}},
    year = {2016},
    journal = {Journal of Manufacturing Science and Engineering},
    author = {Liu, Yongkui and Xu, Xun},
    number = {3},
    month = {10},
    pages = {034701},
    volume = {139},
    publisher = {American Society of Mechanical Engineers},
    url = {http://manufacturingscience.asmedigitalcollection.asme.org/article.aspx?doi=10.1115/1.4034667},
    isbn = {978-0-7918-4990-3},
    doi = {10.1115/1.4034667},
    issn = {1087-1357},
    keywords = {Manufacturing}
}

@article{Zezulka2016,
    title = {{Industry 4.0 – An Introduction in the phenomenon}},
    year = {2016},
    journal = {IFAC-PapersOnLine},
    author = {Zezulka, F. and Marcon, P. and Vesely, I. and Sajdl, O.},
    number = {25},
    pages = {8--12},
    volume = {49},
    url = {http://linkinghub.elsevier.com/retrieve/pii/S2405896316326386},
    doi = {10.1016/j.ifacol.2016.12.002},
    issn = {24058963},
    keywords = {Industry 4.0 component, RAMI 4.0, administrative shell, communication, virtual}
}

@article{Lu2017,
    title = {{Industry 4.0: A survey on technologies, applications and open research issues}},
    year = {2017},
    journal = {Journal of Industrial Information Integration},
    author = {Lu, Yang},
    pages = {1--10},
    volume = {6},
    url = {http://ac.els-cdn.com/S2452414X17300043/1-s2.0-S2452414X17300043-main.pdf?_tid=160f5dec-96f2-11e7-91b2-00000aacb35d&acdnat=1505135395_1e3f56fee61327f5125fa217c8b49133},
    doi = {10.1016/j.jii.2017.04.005},
    keywords = {Big data, Cyber physical system, Enterprise architecture, Enterprise integration, Industry 4.0, Internet of things}
}

@inproceedings{Zhou2015,
    title = {{Industry 4.0: Towards future industrial opportunities and challenges}},
    year = {2015},
    booktitle = {2015 12th International Conference on Fuzzy Systems and Knowledge Discovery (FSKD)},
    author = {Zhou, Keliang and {Taigang Liu} and {Lifeng Zhou}},
    month = {8},
    pages = {2147--2152},
    publisher = {IEEE},
    url = {http://ieeexplore.ieee.org/document/7382284/},
    isbn = {978-1-4673-7682-2},
    doi = {10.1109/FSKD.2015.7382284},
    keywords = {CPPS, CPS, Industry 4.0, big data, cloud computing, intelligent manufacturing}
}

@inproceedings{Adeyeri2015,
    title = {{Integration of agent technology into manufacturing enterprise: A review and platform for industry 4.0}},
    year = {2015},
    booktitle = {2015 International Conference on Industrial Engineering and Operations Management (IEOM)},
    author = {Adeyeri, Michael Kanisuru and Mpofu, Khumbulani and Adenuga, Olukorede T.},
    month = {3},
    pages = {1--10},
    publisher = {IEEE},
    url = {http://ieeexplore.ieee.org/document/7093910/},
    isbn = {978-1-4799-6065-1},
    doi = {10.1109/IEOM.2015.7093910},
    issn = {9781479960651},
    keywords = {Agent and multi-agents technology, industry 4.0, manufacturing enterprise level, reconfigurable manufacturing system}
}

@article{Shariatzadeh2016,
    title = {{Integration of Digital Factory with Smart Factory Based on Internet of Things}},
    year = {2016},
    journal = {Procedia CIRP},
    author = {Shariatzadeh, Navid and Lundholm, Thomas and Lindberg, Lars and Sivard, Gunilla},
    pages = {512--517},
    volume = {50},
    url = {http://linkinghub.elsevier.com/retrieve/pii/S2212827116305066},
    isbn = {22128271},
    doi = {10.1016/j.procir.2016.05.050},
    issn = {22128271},
    keywords = {Digital factory, Internet of Things, Smart factory}
}

@article{ZhumingBi2014,
    title = {{Internet of things for enterprise systems of modern manufacturing}},
    year = {2014},
    journal = {IEEE Transactions on Industrial Informatics},
    author = {Bi, Zhuming and Xu, Li Da and Wang, Chengen},
    number = {2},
    month = {5},
    pages = {1537--1546},
    volume = {10},
    url = {http://ieeexplore.ieee.org/document/6714495/},
    isbn = {1551-3203 VO - 10},
    doi = {10.1109/TII.2014.2300338},
    issn = {15513203},
    keywords = {Enterprise modeling, Internet of Things (IoT), System paradigms, enterprise systems (ESs), literature review, manufacturing enterprise}
}

@article{Witkowski2017,
    title = {{Internet of Things, Big Data, Industry 4.0 – Innovative Solutions in Logistics and Supply Chains Management}},
    year = {2017},
    journal = {Procedia Engineering},
    author = {Witkowski, Krzysztof},
    pages = {763--769},
    volume = {182},
    url = {www.sciencedirect.com},
    doi = {10.1016/j.proeng.2017.03.197}
}

@article{HongmingCai2014,
    title = {{IoT-Based Configurable Information Service Platform for Product Lifecycle Management}},
    year = {2014},
    journal = {IEEE Transactions on Industrial Informatics},
    author = {{Hongming Cai} and {Li Da Xu} and {Boyi Xu} and {Cheng Xie} and {Shaojun Qin} and {Lihong Jiang}},
    number = {2},
    month = {5},
    pages = {1558--1567},
    volume = {10},
    url = {http://ieeexplore.ieee.org/document/6742607/},
    isbn = {1551-3203; 1941-0050},
    doi = {10.1109/TII.2014.2306391},
    issn = {1551-3203},
    keywords = {Internet of things (IoT), Resource-oriented architecture, ontology, product lifecycle management}
}

@article{LinZWT13,
    title = {{Joint Optimization of Overlapping Phases in {\{}MapReduce{\}}}},
    year = {2013},
    journal = {SIGMETRICS Performance Evaluation Review},
    author = {Lin, Minghong and Zhang, Li and Wierman, Adam and Tan, Jian},
    number = {3},
    pages = {16--18},
    volume = {41}
}

@article{Kreps2011,
    title = {{Kafka: a Distributed Messaging System for Log Processing}},
    year = {2011},
    journal = {ACM SIGMOD Workshop on Networking Meets Databases},
    author = {Kreps, Jay and Corp, Linkedin},
    pages = {6},
    url = {http://research.microsoft.com/en-us/um/people/srikanth/netdb11/netdb11papers/netdb11-final12.pdf},
    isbn = {9781450306522},
    keywords = {distributed, log processing, messaging, online, throughput}
}

@incollection{Byrd2006,
    title = {{Knitro: An Integrated Package for Nonlinear Optimization}},
    year = {2006},
    booktitle = {Energy},
    author = {Byrd, Richard H and Nocedal, Jorge and Waltz, Richard A},
    pages = {35--59},
    volume = {83},
    url = {http://www.ziena.com/papers/integratedpackage.pdf\nhttp://link.springer.com/10.1007/0-387-30065-1_4},
    isbn = {978-0-387-30065-8},
    doi = {10.1007/0-387-30065-1{\_}4},
    issn = {1098-6596},
    pmid = {25246403},
    arxivId = {arXiv:1011.1669v3},
    keywords = {interior-point, nonlinear optimization, optimization software}
}

@article{Prinz2016,
    title = {{Learning Factory Modules for Smart Factories in Industrie 4.0}},
    year = {2016},
    journal = {Procedia CIRP},
    author = {Prinz, Christopher and Morlock, Friedrich and Freith, Sebastian and Kreggenfeld, Niklas and Kreimeier, Dieter and Kuhlenk{\"{o}}tter, Bernd},
    pages = {113--118},
    volume = {54},
    url = {http://linkinghub.elsevier.com/retrieve/pii/S2212827116308812},
    isbn = {22128271},
    doi = {10.1016/j.procir.2016.05.105},
    issn = {22128271},
    keywords = {Industry 4.0, human-machine-interaction, learning factory, operating figures}
}

@article{Baena2017,
    title = {{Learning Factory: The Path to Industry 4.0}},
    year = {2017},
    journal = {Procedia Manufacturing},
    author = {Baena, Felipe and Guarin, Alvaro and Mora, Julian and Sauza, Joel and Retat, Sebastian},
    pages = {73--80},
    volume = {9},
    url = {http://linkinghub.elsevier.com/retrieve/pii/S2351978917301403},
    doi = {10.1016/j.promfg.2017.04.022},
    issn = {23519789},
    keywords = {Active Learning, Engenering education, Industry 4.0, Learning Factories}
}

@inproceedings{Jaramillo2016,
    title = {{Leveraging microservices architecture by using Docker technology}},
    year = {2016},
    booktitle = {Conference Proceedings - IEEE SOUTHEASTCON},
    author = {Jaramillo, David and Nguyen, Duy V. and Smart, Robert},
    volume = {2016-July},
    isbn = {9781509022465},
    doi = {10.1109/SECON.2016.7506647},
    issn = {07347502},
    keywords = {automation, devops, docker, micoservices}
}

@article{Yoon2016,
    title = {{Manufacturing Information Bus from the Perspective of Cyber Physical Manufacturing System (CPMS)}},
    year = {2016},
    journal = {IFAC-PapersOnLine},
    author = {Yoon, SooCheol and Suh, Suk-Hwan},
    number = {31},
    pages = {103--108},
    volume = {49},
    url = {http://linkinghub.elsevier.com/retrieve/pii/S2405896316328403},
    doi = {10.1016/j.ifacol.2016.12.169},
    issn = {24058963},
    keywords = {Cyber Physical Manufacturing System, Manufacturing Information Pipeline, Manufacturing Information Service, Smart Factory}
}

@article{Dean2004,
    title = {{MapReduce: Simplified Data Processing on Large Clusters}},
    year = {2004},
    journal = {Proc. of the OSDI - Symp. on Operating Systems Design and Implementation},
    author = {Dean, Jeffrey and Ghemawat, Sanjay},
    pages = {137--149},
    url = {http://citeseerx.ist.psu.edu/viewdoc/summary;jsessionid=53CA72B524B9A6153BFE89FE26FBB832?doi=10.1.1.163.5292},
    isbn = {9781595936868},
    doi = {10.1145/1327452.1327492},
    issn = {00010782},
    pmid = {11687618},
    arxivId = {10.1.1.163.5292}
}

@book{Talbi2009,
    title = {{Metaheuristics: From Design to Implementation}},
    year = {2009},
    booktitle = {Metaheuristics: From Design to Implementation},
    author = {Talbi, El Ghazali},
    isbn = {9780470278581},
    doi = {10.1002/9780470496916},
    issn = {1751-8113},
    pmid = {15003161},
    arxivId = {1011.1669}
}

@inproceedings{Stuttgart2017,
    title = {{Microservice-oriented master control for AGV in the automotive factory of the future}},
    year = {2017},
    booktitle = {17. Internationales Stuttgarter Symposium},
    author = {{Timur Tasci C. Ellwein M. M. Strljic O. Riedel}},
    editor = {Bargende, Michael and Reuss, Hans-Christian and Wiedemann, Jochen},
    pages = {807--821},
    series = {Proceedings},
    publisher = {Springer Fachmedien Wiesbaden},
    url = {http://link.springer.com/10.1007/978-3-658-16988-6_63},
    address = {Wiesbaden},
    isbn = {978-3-658-16987-9},
    doi = {https://doi.org/10.1007/978-3-658-16988-6{\_}63}
}

@article{Thoenes2015a,
    title = {{Microservices}},
    year = {2015},
    journal = {IEEE Software},
    author = {Th{\"{o}}nes, Johannes},
    number = {1},
    month = {1},
    pages = {116--116},
    volume = {32},
    url = {http://ieeexplore.ieee.org/document/7030212/},
    doi = {10.1109/MS.2015.11},
    issn = {0740-7459},
    keywords = {SE Radio, architecture, enterprise service bus, http, microservice, service-oriented architecture, software engineering}
}

@article{Dragoni2016a,
    title = {{Microservices: yesterday, today, and tomorrow}},
    year = {2016},
    journal = {Present and Ulterior Software Engineering},
    author = {Dragoni, Nicola and Giallorenzo, Saverio and Lafuente, Alberto Lluch and Mazzara, Manuel and Montesi, Fabrizio and Mustafin, Ruslan and Safina, Larisa},
    pages = {1--17},
    url = {http://arxiv.org/abs/1606.04036},
    doi = {10.13140/RG.2.1.3257.4961},
    arxivId = {1606.04036}
}

@article{Dragoni2016,
    title = {{Microservices: yesterday, today, and tomorrow}},
    year = {2016},
    journal = {Present and Ulterior Software Engineering},
    author = {Dragoni, Nicola and Giallorenzo, Saverio and Lafuente, Alberto Lluch and Mazzara, Manuel and Montesi, Fabrizio and Mustafin, Ruslan and Safina, Larisa},
    pages = {1--17},
    url = {http://arxiv.org/abs/1606.04036},
    doi = {10.13140/RG.2.1.3257.4961},
    arxivId = {1606.04036}
}

@misc{azure_storage,
    title = {{Microsoft {\{}Azure{\}} {\{}Storage{\}}}},
    url = {http://azure.microsoft.com/en-us/services/storage/}
}

@misc{hdinsight,
    title = {{Microsoft {\{}HDInsight{\}}}},
    url = {http://azure.microsoft.com/en-us/services/hdinsight/}
}

@incollection{Gilchrist2016b,
    title = {{Middleware Industrial Internet of Things Platforms}},
    year = {2016},
    booktitle = {Industry 4.0: The Industrial Internet of Things},
    author = {Gilchrist, Alasdair},
    pages = {195--214},
    publisher = {Apress},
    url = {http://link.springer.com/10.1007/978-1-4842-2047-4_10 http://dx.doi.org/10.1007/978-1-4842-2047-4_10},
    address = {Berkeley, CA},
    isbn = {978-1-4842-2047-4},
    doi = {10.1007/978-1-4842-2047-4{\_}10},
    issn = {00218774},
    pmid = {20961315},
    arxivId = {arXiv:1011.1669v3}
}

@article{ZhangRDWZ15,
    title = {{Minimizing Interference and Maximizing Progress for {\{}Hadoop{\}} Virtual Machines}},
    year = {2015},
    journal = {{\{}SIGMETRICS{\}} Performance Evaluation Review},
    author = {Zhang, Wei and Rajasekaran, Sundaresan and Duan, Shaohua and Wood, Timothy and Zhu, Mingfa},
    number = {4},
    pages = {62--71},
    volume = {42},
    url = {http://doi.acm.org/10.1145/2788402.2788411},
    doi = {10.1145/2788402.2788411}
}

@inproceedings{Ghilardi09,
    title = {{Model Checking Modulo Theory at work: the intergration of Yices in MCMT}},
    year = {2009},
    booktitle = {AFM 2009 (co-located with CAV 2009)},
    author = {Ghilardi, S and Ranise, S}
}

@inproceedings{Zhang2017,
    title = {{Modeling of Digital Twin Workshop Based on Perception Data}},
    year = {2017},
    booktitle = {Intelligent Robotics and Applications. ICIRA 2017. Lecture Notes in Computer Science},
    author = {Zhang, Qi and Zhang, Xiaomei and Xu, Wenjun and Liu, Aiming and Zhou, Zude and Pham, Duc Truong},
    month = {8},
    pages = {3--14},
    volume = {10464},
    publisher = {Springer, Cham},
    url = {http://link.springer.com/10.1007/978-3-319-65298-6_1 http://link.springer.com/10.1007/978-3-642-16587-0},
    isbn = {978-3-319-65298-6},
    doi = {10.1007/978-3-319-65298-6{\_}1},
    issn = {03029743},
    pmid = {26736659},
    keywords = {digital twin workshop, intelligent manufacturing, modeling}
}

@book{tPN,
    title = {{Modeling Time in Computing}},
    year = {2012},
    author = {Furia, Carlo A and Mandrioli, Dino and Morzenti, Angelo and Rossi, Matteo},
    series = {Monographs in Theoretical Computer Science. An {\{}EATCS{\}} Series},
    publisher = {Springer}
}

@article{Kecskemeti2017,
    title = {{Modelling and Simulation Challenges in Internet of Things}},
    year = {2017},
    journal = {IEEE Cloud Computing},
    author = {Kecskemeti, Gabor and Casale, Giuliano and Jha, Devki Nandan and Lyon, Justin and Ranjan, Rajiv},
    number = {1},
    month = {1},
    pages = {62--69},
    volume = {4},
    url = {http://ieeexplore.ieee.org/document/7879128/},
    isbn = {2325-6095 VO - 4},
    doi = {10.1109/MCC.2017.18},
    issn = {2325-6095}
}

@article{hansen1992new,
    title = {{New Branch-and-bound Rules for Linear Bilevel Programming}},
    year = {1992},
    journal = {SIAM Journal on scientific and Statistical Computing},
    author = {Hansen, Pierre and Jaumard, Brigitte and Savard, Gilles},
    number = {5},
    pages = {1194--1217},
    volume = {13},
    publisher = {SIAM}
}

@article{Tao2017,
    title = {{New IT Driven Service-Oriented Smart Manufacturing: Framework and Characteristics}},
    year = {2017},
    journal = {IEEE Transactions on Systems, Man, and Cybernetics: Systems},
    author = {Tao, Fei and Qi, Qinglin},
    pages = {1--11},
    url = {http://ieeexplore.ieee.org/document/7990538/},
    isbn = {2168-2216 VO - PP},
    doi = {10.1109/TSMC.2017.2723764},
    issn = {2168-2216},
    keywords = {Big data, Internet of Things (IoT), cloud computing, cyber-physical inte-, gration, manufacturing service, smart manufacturing.}
}

@inproceedings{Innerbichler2017,
    title = {{NIMBLE collaborative platform: Microservice architectural approach to federated IoT}},
    year = {2017},
    booktitle = {2017 Global Internet of Things Summit (GIoTS)},
    author = {Innerbichler, Johannes and Gonul, Suat and Damjanovic-Behrendt, Violeta and Mandler, Benjamin and Strohmeier, Felix},
    month = {6},
    pages = {1--6},
    publisher = {IEEE},
    url = {http://ieeexplore.ieee.org/document/8016216/},
    isbn = {978-1-5090-5873-0},
    doi = {10.1109/GIOTS.2017.8016216},
    keywords = {Industry 4.0, IoT, IoT-based supply, chain, cloud, federation, microservice, platform}
}

@inproceedings{Herodotou2011b,
    title = {{No One (Cluster) Size Fits All: Automatic Cluster Sizing for Data-intensive Analytics}},
    year = {2011},
    booktitle = {SOCC},
    author = {Herodotou, Herodotos and Dong, Fei and Babu, Shivnath},
    url = {http://doi.acm.org/10.1145/2038916.2038934},
    keywords = {MapReduce, cloud computing, cluster provisioning}
}

@inproceedings{TanWY014,
    title = {{Non-work-conserving Effects in {\{}MapReduce{\}}: Diffusion Limit and Criticality}},
    year = {2014},
    booktitle = {SIGMETRICS},
    author = {Tan, Jian and Wang, Yandong and Yu, Weikuan and Zhang, Li},
    url = {http://doi.acm.org/10.1145/2591971.2592007},
    doi = {10.1145/2591971.2592007}
}

@inproceedings{Malekimajd2015a,
    title = {{Optimal capacity allocation for executing mapreduce jobs in cloud systems}},
    year = {2015},
    booktitle = {Proceedings - 16th International Symposium on Symbolic and Numeric Algorithms for Scientific Computing, SYNASC 2014},
    author = {Malekimajd, M. and Rizzi, A.M. and Ardagna, D. and Ciavotta, M. and Passacantando, M. and Movaghar, A.},
    isbn = {9781479984480},
    doi = {10.1109/SYNASC.2014.58},
    keywords = {[Capacity Allocation, Cloud Computing, MapReduce,}
}

@inproceedings{MICAS_Marzieh,
    title = {{Optimal Capacity Allocation for Executing {\{}MapReduce{\}} Jobs in {\{}Cloud{\}} Systems}},
    year = {2014},
    booktitle = {Proceedings of the 16th International Symposium on Symbolic and Numeric Algorithms for Scientific Computing},
    author = {Malekimajd, Marzieh and Rizzi, Alessandro Maria and Ardagna, Danilo and Ciavotta, Michele and Passacantando, Mauro and Movaghar, Ali},
    pages = {385--392}
}

@article{Malekimajd2015,
    title = {{Optimal {\{}Map{\}} {\{}Reduce{\}} Job Capacity Allocation in {\{}Cloud{\}} Systems}},
    year = {2015},
    journal = {SIGMETRICS Perform. Eval. Rev.},
    author = {Malekimajd, Marzieh and Ardagna, Danilo and Ciavotta, Michele and Rizzi, Alessandro Maria and Passacantando, Mauro},
    number = {4},
    month = {6},
    pages = {51--61},
    volume = {42},
    publisher = {ACM},
    url = {http://doi.acm.org/10.1145/2788402.2788410},
    address = {New York, NY, USA},
    doi = {10.1145/2788402.2788410},
    issn = {0163-5999}
}

@inproceedings{YanCZS14,
    title = {{Optimizing Power and Performance Trade-offs of {\{}MapReduce{\}} Job Processing with Heterogeneous Multi-core Processors}},
    year = {2014},
    booktitle = {CLOUD},
    author = {Yan, Feng and Cherkasova, Ludmila and Zhang, Zhuoyao and Smirni, Evgenia},
    url = {http://dx.doi.org/10.1109/CLOUD.2014.41},
    doi = {10.1109/CLOUD.2014.41}
}

@article{Lee2012,
    title = {{Parallel Data Processing with {\{}MapReduce{\}}: A Survey}},
    year = {2012},
    journal = {SIGMOD Rec.},
    author = {Lee, Kyong-Ha and Lee, Yoon-Joon and Choi, Hyunsik and Chung, Yon Dohn and Moon, Bongki},
    number = {4},
    month = {1},
    pages = {11--20},
    volume = {40},
    publisher = {ACM},
    url = {http://doi.acm.org/10.1145/2094114.2094118},
    address = {New York, NY, USA},
    doi = {10.1145/2094114.2094118},
    issn = {0163-5808}
}

@article{ARIA_performance,
    title = {{Parameterizable Benchmarking Framework for Designing a {\{}MapReduce{\}} Performance Model}},
    year = {2014},
    journal = {Concurrency Computat.: Pract. Exper.},
    author = {Zhang, Zhuoyao and Cherkasova, Ludmila and Loo, Boon Thau},
    doi = {10.1002/cpe.3229}
}

@article{Liao2017,
    title = {{Past, present and future of Industry 4.0 - a systematic literature review and research agenda proposal}},
    year = {2017},
    journal = {International Journal of Production Research},
    author = {Liao, Yongxin and Deschamps, Fernando and Loures, Eduardo de Freitas Rocha and Ramos, Luiz Felipe Pierin},
    number = {12},
    month = {6},
    pages = {3609--3629},
    volume = {55},
    url = {http://www.tandfonline.com/doi/pdf/10.1080/00207543.2017.1308576?needAccess=true https://www.tandfonline.com/doi/full/10.1080/00207543.2017.1308576},
    doi = {10.1080/00207543.2017.1308576},
    issn = {0020-7543},
    keywords = {Industry 40, qualitative research, quantitative research, research agenda, systematic literature review, the fourth Industrial revolution}
}

@inproceedings{Cloud13_Zhang,
    title = {{Performance Modeling of {\{}MapReduce{\}} Jobs in Heterogeneous {\{}Cloud{\}} Environments}},
    year = {2013},
    booktitle = {IEEE Sixth International Conference on Cloud Computing},
    author = {Zhang, Zhuoyao and Cherkasova, Ludmila and Loo, Boon Thau},
    pages = {839--846},
    isbn = {978-0-7695-5028-2},
    doi = {10.1109/CLOUD.2013.107}
}

@inproceedings{Polo2010,
    title = {{Performance-driven Task Co-scheduling for {\{}MapReduce{\}} Environments}},
    year = {2010},
    booktitle = {NOMS},
    author = {Polo, J and Carrera, D and Becerra, Y and Torres, J and Ayguad{\'{e}}, E and Steinder, M and Whalley, I}
}

@article{ardagna2015prediction,
    title = {{Prediction and cost assessment tool--Final version}},
    author = {Ardagna, Danilo and Ciavotta, Michele and Gibilisco, Giovanni Paolo and Perez, Juan and Roman, Sosa Gonzalez}
}

@article{Malewicz2010,
    title = {{Pregel: a system for large-scale graph processing}},
    year = {2010},
    journal = {Proceedings of the 2010 international conference on Management of data - SIGMOD '10},
    author = {Malewicz, Grzegorz and Austern, Matthew H and Bik, Aart J.C and Dehnert, James C and Horn, Ilan and Leiser, Naty and Czajkowski, Grzegorz},
    pages = {135--146},
    url = {https://kowshik.github.io/JPregel/pregel_paper.pdf http://dl.acm.org/citation.cfm?id=1807167.1807184},
    isbn = {9781450300322},
    doi = {10.1145/1807167.1807184},
    issn = {1450300324},
    arxivId = {arXiv:1503.00626v1},
    keywords = {distributed computing, graph algorigthms}
}

@misc{Fielding2002,
    title = {{Principled Design of the Modern Web Architecture}},
    year = {2002},
    booktitle = {ACM Transactions on Internet Technology},
    author = {Fielding, Roy T and Taylor, Richard N},
    number = {2},
    pages = {407--416},
    volume = {2},
    isbn = {1581132069},
    doi = {10.1145/514183.514185},
    issn = {1533-5399},
    pmid = {16151403},
    arxivId = {10.1145/514183.514185},
    keywords = {Architectures, Categories and Subject Descriptors, D211 [Software Engineering], Design, H35 [Information Storage and Retrieval], H54 [Hypertext/Hypermedia], Network-based applications, Performance, REST, Software Architectures, Standardization Additional Key Words and Phrases, World Wide Web}
}

@article{VermaCC14,
    title = {{Profiling and Evaluating Hardware Choices for {\{}MapReduce{\}} Environments: An Application-aware Approach}},
    year = {2014},
    journal = {Performance Evaluation},
    author = {Verma, Abhishek and Cherkasova, Ludmila and Campbell, Roy H},
    pages = {328--344},
    volume = {79},
    url = {http://dx.doi.org/10.1016/j.peva.2014.07.020},
    doi = {10.1016/j.peva.2014.07.020}
}

@article{Brogi2017,
    title = {{QoS-aware Deployment of IoT Applications Through the Fog}},
    year = {2017},
    journal = {IEEE Internet of Things Journal},
    author = {Brogi, Antonio and Forti, Stefano},
    pages = {1--1},
    url = {https://www.openfogconsortium.org/wp-content/uploads/QoS-aware_Deployment_of_IoT_apps_ttF_2017.pdf http://ieeexplore.ieee.org/document/7919155/},
    isbn = {2327-4662 VO - PP},
    doi = {10.1109/JIOT.2017.2701408},
    issn = {2327-4662},
    keywords = {Index Terms—Fog computing, IoT, QoS-aware deployment}
}

@article{Brosig2015,
    title = {{Quantitative Evaluation of Model-Driven Performance Analysis and Simulation of Component-Based Architectures}},
    year = {2015},
    journal = {Software Engineering, IEEE Transactions on},
    author = {Brosig, F and Meier, P and Becker, S and Koziolek, A and Koziolek, H and Kounev, S},
    number = {2},
    month = {2},
    pages = {157--175},
    volume = {41},
    doi = {10.1109/TSE.2014.2362755},
    issn = {0098-5589}
}

@book{Lazowska,
    title = {{Quantitative System Performance}},
    year = {1984},
    author = {Lazowska, Edward D and Zahorjan, John and Graham, G Scott and Sevcik, Kenneth C},
    publisher = {Prentice-Hall},
    url = {http://homes.cs.washington.edu/~lazowska/qsp/}
}

@book{QN,
    title = {{Queueing Networks: A Survey of Their Random Processes}},
    author = {Disney, Ralph L and K{\"{o}}nig, Dieter},
    number = {3},
    pages = {335–403},
    volume = {27},
    publisher = {Society for Industrial and Applied Mathematics}
}

@inproceedings{Menasce2012,
    title = {{Queuing Network Models to Predict the Completion Time of the Map Phase of {\{}MapReduce{\}} Jobs}},
    year = {2012},
    booktitle = {Int. CMG Conference},
    author = {Bardhan, Shouvik and Menasc{\'{e}}, Daniel A}
}

@inproceedings{Bardhan,
    title = {{Queuing Network Models to Predict the Completion Time of the Map Phase of {\{}MapReduce{\}} Jobs}},
    year = {2012},
    booktitle = {Proc. International Computer Measurement Group Conf.},
    author = {Bardhan, Shouvik and Menasc{\'{e}}, Daniel A},
    month = {12}
}

@inproceedings{Fielding2017,
    title = {{Reflections on the REST architectural style and "principled design of the modern web architecture" (impact paper award)}},
    year = {2017},
    booktitle = {Proceedings of the 2017 11th Joint Meeting on Foundations of Software Engineering - ESEC/FSE 2017},
    author = {Fielding, Roy T and Taylor, Richard N and Erenkrantz, Justin R and Gorlick, Michael M and Whitehead, Jim and Khare, Rohit and Oreizy, Peyman},
    pages = {4--14},
    volume = {17},
    publisher = {ACM Press},
    url = {https://static.googleusercontent.com/media/research.google.com/en//pubs/archive/46310.pdf http://dl.acm.org/citation.cfm?doid=3106237.3121282},
    address = {New York, New York, USA},
    isbn = {9781450351058},
    doi = {10.1145/3106237.3121282},
    keywords = {-  Information systems  ->  RESTful web services, -  Networks  ->  Application layer protocols, -  Software and its engineering  ->  Software arch, arrested, crest, representational state transfer, rest, webdav}
}

@techreport{dice:d1.2,
    title = {{Requirement Specification}},
    year = {2015},
    author = {Consortium, The DICE},
    institution = {European Union's Horizon 2020 research and innovation programme}
}

@techreport{dice:d1.2:companion,
    title = {{Requirement Specification - Companion Document}},
    year = {2015},
    author = {Consortium, The DICE},
    institution = {European Union's Horizon 2020 research and innovation programme}
}

@incollection{Zhao2016,
    title = {{Research on Evolution and Simulation of Transaction Process in Cloud Manufacturing}},
    year = {2016},
    booktitle = {Lecture Notes in Electrical Engineering},
    author = {Zhao, Chun and Zhang, Lin and Li, Bowen and Cui, Jin and Ren, Lei and Tao, Fei},
    pages = {553--562},
    volume = {359},
    publisher = {Springer, Berlin, Heidelberg},
    url = {http://link.springer.com/10.1007/978-3-662-48386-2_57},
    isbn = {9783662483848},
    doi = {10.1007/978-3-662-48386-2{\_}57},
    issn = {18761119},
    keywords = {Agent, Cloud manufacturing, Multi-thread, Simulation}
}

@inproceedings{Tsoutsa2017,
    title = {{Role Modeling of IoT services in industry domains}},
    year = {2017},
    booktitle = {Proceedings of the 2017 International Conference on Management Engineering, Software Engineering and Service Sciences - ICMSS '17},
    author = {Tsoutsa, P. and Fitsilis, P. and Ragos, O.},
    pages = {290--295},
    publisher = {ACM Press},
    url = {http://dl.acm.org/citation.cfm?doid=3034950.3035002 http://doi.acm.org/10.1145/3034950.3035002},
    address = {New York, New York, USA},
    isbn = {9781450348348},
    doi = {10.1145/3034950.3035002},
    keywords = {Internet of Things, Microservices, Role Modeling, Services}
}

@article{barrett2009satisfiability,
    title = {{Satisfiability Modulo Theories.}},
    year = {2009},
    journal = {Handbook of satisfiability},
    author = {Barrett, Clark W and Sebastiani, Roberto and Seshia, Sanjit A and Tinelli, Cesare},
    pages = {825--885},
    volume = {185}
}

@article{Tribastone2012,
    title = {{Scalable Differential Analysis of Process Algebra Models}},
    year = {2012},
    journal = {IEEE Transactions on Software Engineering},
    author = {Tribastone, Mirco and Gilmore, Stephen and Hillston, Jane},
    number = {1},
    pages = {205--219},
    volume = {38},
    publisher = {IEEE Computer Society},
    address = {Los Alamitos, CA, USA},
    doi = {10.1109/TSE.2010.82},
    issn = {0098-5589}
}

@article{Cattell2011,
    title = {{Scalable SQL and NoSQL data stores}},
    year = {2011},
    journal = {ACM SIGMOD Record},
    author = {Cattell, Rick},
    number = {4},
    pages = {12},
    volume = {39},
    isbn = {9781450307178},
    doi = {10.1145/1978915.1978919},
    issn = {01635808}
}

@inproceedings{Lodderstedt2002,
    title = {{SecureUML: A UML-based modeling language for model-driven security}},
    year = {2002},
    booktitle = {International Conference on the Unified Modeling Language},
    author = {Lodderstedt, Torsten and Basin, David and Doser, Jürgen},
    pages = {426--441},
    publisher = {Springer}
}

@inproceedings{Sadeghi2015,
    title = {{Security and privacy challenges in industrial internet of things}},
    year = {2015},
    booktitle = {Proceedings of the 52nd Annual Design Automation Conference on - DAC '15},
    author = {Sadeghi, Ahmad-Reza and Wachsmann, Christian and Waidner, Michael},
    pages = {1--6},
    volume = {17},
    publisher = {ACM Press},
    url = {http://eceasst.cs.tu-berlin.de/index.php/eceasst/issue/view/24%5Cnhttp://dl.acm.org/citation.cfm?doid=2744769.2747942 http://dl.acm.org/citation.cfm?doid=2744769.2747942},
    address = {New York, New York, USA},
    isbn = {9781450335201},
    doi = {10.1145/2744769.2747942},
    issn = {18632122},
    keywords = {future internet, global sensor networks, privacy, security}
}

@book{Biffl2016a,
    title = {{Semantic Web Technologies for Intelligent Engineering Applications}},
    year = {2016},
    author = {Biffl, Stefan. and Sabou, Marta.},
    editor = {Biffl, Stefan and Sabou, Marta},
    pages = {413},
    publisher = {Springer International Publishing},
    url = {http://link.springer.com/10.1007/978-3-319-41490-4},
    address = {Cham},
    isbn = {978-3-319-41488-1},
    doi = {10.1007/978-3-319-41490-4}
}

@article{Cai2017,
    title = {{Sensor Data and Information Fusion to Construct Digital-twins Virtual Machine Tools for Cyber-physical Manufacturing}},
    year = {2017},
    journal = {Procedia Manufacturing},
    author = {Cai, Yi and Starly, Binil and Cohen, Paul and Lee, Yuan Shin},
    pages = {1031--1042},
    volume = {10},
    doi = {10.1016/j.promfg.2017.07.094},
    issn = {23519789},
    keywords = {cyber-physical manufacturing, data acquisition, digital manufacturing, information fusion, sensory data, virtual machine tool}
}

@article{Lee2014a,
    title = {{Service Innovation and Smart Analytics for Industry 4.0 and Big Data Environment}},
    year = {2014},
    journal = {Procedia CIRP},
    author = {Lee, Jay and Kao, Hung-An and Yang, Shanhu},
    pages = {3--8},
    volume = {16},
    url = {http://linkinghub.elsevier.com/retrieve/pii/S2212827114000857},
    isbn = {2212-8271},
    doi = {10.1016/j.procir.2014.02.001},
    issn = {22128271},
    keywords = {Industrial big data, Manufacturing servitization, Predictive maintenance}
}

@article{Lee2014b,
    title = {{Service Innovation and Smart Analytics for Industry 4.0 and Big Data Environment}},
    year = {2014},
    journal = {Procedia CIRP},
    author = {Lee, Jay and Kao, Hung-An and Yang, Shanhu},
    pages = {3--8},
    volume = {16},
    url = {http://linkinghub.elsevier.com/retrieve/pii/S2212827114000857},
    doi = {10.1016/j.procir.2014.02.001},
    issn = {22128271}
}

@article{Rennung2016,
    title = {{Service Provision in the Framework of Industry 4.0}},
    year = {2016},
    journal = {Procedia - Social and Behavioral Sciences},
    author = {Rennung, Frank and Luminosu, Caius Tudor and Draghici, Anca},
    month = {6},
    pages = {372--377},
    volume = {221},
    publisher = {Elsevier},
    url = {http://www.sciencedirect.com/science/article/pii/S1877042816302002 http://linkinghub.elsevier.com/retrieve/pii/S1877042816302002},
    isbn = {1877-0428},
    doi = {10.1016/j.sbspro.2016.05.127},
    issn = {18770428}
}

@article{Schleich2017,
    title = {{Shaping the digital twin for design and production engineering}},
    year = {2017},
    journal = {CIRP Annals - Manufacturing Technology},
    author = {Schleich, Benjamin and Anwer, Nabil and Mathieu, Luc and Wartzack, Sandro},
    number = {1},
    month = {1},
    pages = {141--144},
    volume = {66},
    publisher = {Elsevier},
    url = {http://www.sciencedirect.com/science/article/pii/S0007850617300409 http://linkinghub.elsevier.com/retrieve/pii/S0007850617300409},
    isbn = {00078506 (ISSN)},
    doi = {10.1016/j.cirp.2017.04.040},
    issn = {17260604},
    keywords = {Design, Digital twin, Tolerancing}
}

@article{Hozdic2015,
    title = {{Smart factory for industry 4.0: A review}},
    year = {2015},
    journal = {International Journal of Modern Manufacturing Technologies},
    author = {Hozdi{\'{c}}, Elvis},
    number = {1},
    pages = {28--35},
    volume = {7},
    url = {http://www.scopus.com/inward/record.url?eid=2-s2.0-84933529521&partnerID=tZOtx3y1},
    isbn = {20673604 (ISSN)},
    issn = {20673604},
    keywords = {Cyber-physical production systems, Industry 4.0, Information-communication technology, Real-time control, Smart manufacturing}
}

@article{Yoon2016a,
    title = {{Smart Factory Information Service Bus (SIBUS) for manufacturing application: requirement, architecture and implementation}},
    year = {2016},
    journal = {Journal of Intelligent Manufacturing},
    author = {Yoon, SooCheol and Um, Jumyung and Suh, Suk-Hwan and Stroud, Ian and Yoon, Joo-Sung},
    month = {8},
    pages = {1--20},
    url = {http://link.springer.com/10.1007/s10845-016-1251-9},
    doi = {10.1007/s10845-016-1251-9},
    issn = {0956-5515},
    keywords = {Information Service Bus, Manufacturing Information Pipeline, Smart Factory Implementation, Smart Factory Service}
}

@article{Lee2015,
    title = {{Smart Factory Systems}},
    year = {2015},
    journal = {Informatik-Spektrum},
    author = {Lee, Jay},
    number = {3},
    month = {6},
    pages = {230--235},
    volume = {38},
    url = {http://link.springer.com/10.1007/s00287-015-0891-z},
    isbn = {978-3-642-20258-2},
    doi = {10.1007/s00287-015-0891-z},
    issn = {0170-6012}
}

@article{Aleti2013,
    title = {{Software Architecture Optimization Methods: A Systematic Literature Review}},
    year = {2013},
    journal = {Software Engineering, IEEE Transactions on},
    author = {Aleti, A and Buhnova, B and Grunske, L and Koziolek, A and Meedeniya, I},
    number = {99},
    pages = {1},
    volume = {PP}
}

@incollection{Gilchrist2016,
    title = {{Software Design Concepts}},
    year = {2016},
    booktitle = {Industry 4.0},
    author = {Gilchrist, Alasdair},
    pages = {143--152},
    publisher = {Apress},
    url = {http://link.springer.com/10.1007/978-1-4842-2047-4_9 http://link.springer.com/chapter/10.1007/978-1-4842-2047-4_9},
    address = {Berkeley, CA},
    isbn = {978-1-4842-2046-7 978-1-4842-2047-4},
    doi = {10.1007/978-1-4842-2047-4{\_}9}
}

@article{Bauer2016,
    title = {{Software-based smart factory networking}},
    year = {2016},
    journal = {at - Automatisierungstechnik},
    author = {Bauer, Robert and Bless, Roland and Haas, Christian and Jung, Markus and Zitterbart, Martina},
    number = {9},
    month = {1},
    pages = {765--773},
    volume = {64},
    url = {https://www.degruyter.com/view/j/auto.2016.64.issue-9/auto-2016-0072/auto-2016-0072.xml},
    doi = {10.1515/auto-2016-0072},
    issn = {0178-2312},
    keywords = {Intelligente Fabrik, Network Functions Virtualization, Netzwerksicherheit, Software-Defined Networking}
}

@article{Thames2016,
    title = {{Software-defined Cloud Manufacturing for Industry 4.0}},
    year = {2016},
    journal = {Procedia CIRP},
    author = {Thames, Lane and Schaefer, Dirk},
    pages = {12--17},
    volume = {52},
    url = {http://linkinghub.elsevier.com/retrieve/pii/S2212827116307910},
    isbn = {22128271},
    doi = {10.1016/j.procir.2016.07.041},
    issn = {22128271},
    keywords = {Cloud Manufacturing, Industrial Internet, Industry 4.0, Internet of Things, Operationan Technology, Software-Defined Manufacturing}
}

@article{Wan2016,
    title = {{Software-Defined Industrial Internet of Things in the Context of Industry 4.0}},
    year = {2016},
    journal = {IEEE Sensors Journal},
    author = {Wan, Jiafu and Tang, Shenglong and Shu, Zhaogang and Li, Di and Wang, Shiyong and Imran, Muhammad and Vasilakos, Athanasios V.},
    number = {20},
    pages = {7373--7380},
    volume = {16},
    isbn = {1530-437X VO - 16},
    doi = {10.1109/JSEN.2016.2565621},
    issn = {1530437X},
    keywords = {Industry 4.0, cyber-physical systems, industrial Internet of Things, industrial wireless networks, software-defined networks}
}

@article{Zaharia2010,
    title = {{Spark : Cluster Computing with Working Sets}},
    year = {2010},
    journal = {HotCloud'10 Proceedings of the 2nd USENIX conference on Hot topics in cloud computing},
    author = {Zaharia, Matei and Chowdhury, Mosharaf and Franklin, Michael J and Shenker, Scott and Stoica, Ion},
    pages = {10},
    isbn = {1432-2161 (Electronic){\textbackslash}n0364-2348 (Linking)},
    doi = {10.1007/s00256-009-0861-0},
    issn = {03642348},
    pmid = {20205351},
    arxivId = {arXiv:1011.1669v3}
}

@inproceedings{Gibilisco2016,
    title = {{Stage Aware Performance Modeling of {\{}{\{}DAG{\}}{\}} Based in Memory Analytic Platforms}},
    year = {2016},
    booktitle = {Cloud},
    author = {Gibilisco, G P and Li, M and Zhang, L and Ardagna, D}
}

@inproceedings{Herodotou2011,
    title = {{Starfish: A Self-tuning System for {\{}Big{\}} {\{}Data{\}} Analytics}},
    year = {2011},
    booktitle = {CIDR},
    author = {Herodotou, Herodotos and Lim, Harold and Luo, Gang and Borisov, Nedyalko and Dong, Liang and Cetin, Fatma Bilgen and Babu, Shivnath}
}

@article{Thirumala2012,
    title = {{Survey on Improved Scheduling in {\{}Hadoop{\}} {\{}MapReduce{\}} in {\{}Cloud{\}} Environments}},
    year = {2012},
    journal = {CoRR},
    author = {Rao, B Thirumala and Reddy, L S S},
    volume = {abs/1207.0},
    url = {http://arxiv.org/abs/1207.0780}
}

@article{Erol2016,
    title = {{Tangible Industry 4.0: A Scenario-Based Approach to Learning for the Future of Production}},
    year = {2016},
    journal = {Procedia CIRP},
    author = {Erol, Selim and J{\"{a}}ger, Andreas and Hold, Philipp and Ott, Karl and Sihn, Wilfried},
    pages = {13--18},
    volume = {54},
    url = {http://linkinghub.elsevier.com/retrieve/pii/S2212827116301500},
    isbn = {978-0-9926-8011-4},
    doi = {10.1016/j.procir.2016.03.162},
    issn = {22128271},
    pmid = {20961315},
    arxivId = {arXiv:1011.1669v3},
    keywords = {Industry 4.0, learning factory, scenario-based learning, smart manufacturing}
}

@inproceedings{Baylor2017,
    title = {{TFX: A TensorFlow-Based Production-Scale Machine Learning Platform}},
    year = {2017},
    booktitle = {KDD},
    author = {Baylor, Denis and Breck, Eric and Cheng, Heng-Tze and Fiedel, Noah and Yu Foo, Chuan and Haque, Zakaria and Haykal, Salem and Ispir, Mustafa and Jain, Vihan and Koc, Levent and Yuen Koo, Chiu and Lew, Lukasz and Mewald, Clemens and Naresh Modi, Akshay and Polyzotis, Neoklis and Ramesh, Sukriti and Roy, Sudip and Euijong Whang, Steven and Wicke, Martin and Wilkiewicz, Jarek and Zhang, Xin and Zinkevich Google Inc, Martin},
    pages = {1387--1395},
    publisher = {ACM Press},
    url = {http://delivery.acm.org/10.1145/3100000/3098021/p1387-baylor.pdf?ip=149.132.25.65&id=3098021&acc=OPENTOC&key=296E2ED678667973.B9B72D0607302676.4D4702B0C3E38B35.054E54E275136550&CFID=986587823&CFTOKEN=28999827&__acm__=1507019813_ab7be4a96be057630413a29a111},
    address = {New York, New York, USA},
    isbn = {9781450348874},
    doi = {10.1145/3097983.3098021},
    keywords = {continuous training, end-to-end platform, large-scale machine learning}
}

@inproceedings{Wang2017,
    title = {{The Behavior Simulation of Manufacturing Services in a Service-Oriented Networked Manufacturing Environment}},
    year = {2017},
    booktitle = {Volume 3: Manufacturing Equipment and Systems},
    author = {Wang, Jingbo and Lou, Ping and Jiang, Xuemei and Wei, Qin and Qu, YongZhi},
    month = {6},
    publisher = {ASME},
    url = {http://proceedings.asmedigitalcollection.asme.org/proceeding.aspx?doi=10.1115/MSEC2017-2807},
    isbn = {978-0-7918-5074-9},
    doi = {10.1115/MSEC2017-2807}
}

@article{Uhlemann2017a,
    title = {{The Digital Twin: Demonstrating the Potential of Real Time Data Acquisition in Production Systems}},
    year = {2017},
    journal = {Procedia Manufacturing},
    author = {Uhlemann, Thomas H.-J. and Schock, Christoph and Lehmann, Christian and Freiberger, Stefan and Steinhilper, Rolf},
    pages = {113--120},
    volume = {9},
    url = {http://linkinghub.elsevier.com/retrieve/pii/S2351978917301610},
    doi = {10.1016/j.promfg.2017.04.043},
    issn = {23519789}
}

@article{Uhlemann2017,
    title = {{The Digital Twin: Realizing the Cyber-Physical Production System for Industry 4.0}},
    year = {2017},
    journal = {Procedia CIRP},
    author = {Uhlemann, Thomas H.J. and Lehmann, Christian and Steinhilper, Rolf},
    pages = {335--340},
    volume = {61},
    url = {http://linkinghub.elsevier.com/retrieve/pii/S2212827116313129},
    doi = {10.1016/j.procir.2016.11.152},
    issn = {22128271},
    keywords = {Industry 4.0 1., cyber-physical production systems, digital twin, multimodal data acquisition, production system optimization}
}

@misc{IDC,
    title = {{The Digital Universe in 2020}},
    url = {http://idcdocserv.com/1414}
}

@article{Esmaeilian2016,
    title = {{The evolution and future of manufacturing: A review}},
    year = {2016},
    journal = {Journal of Manufacturing Systems},
    author = {Esmaeilian, Behzad and Behdad, Sara and Wang, Ben},
    month = {4},
    pages = {79--100},
    volume = {39},
    url = {http://linkinghub.elsevier.com/retrieve/pii/S0278612516300024},
    isbn = {02786125},
    doi = {10.1016/j.jmsy.2016.03.001},
    issn = {02786125},
    keywords = {Advanced manufacturing, Data analytics in manufacturing, Design for manufacturing, Remanufacturing, Sustainable manufacturing}
}

@article{gspn,
    title = {{The GreatSPN tool: recent enhancements}},
    year = {2009},
    journal = {ACM SIGMETRICS Performance Evaluation Review},
    author = {Baarir, Soheib and Beccuti, Marco and Cerotti, Davide and De Pierro, Massimiliano and Donatelli, Susanna and Franceschinis, Giuliana},
    number = {4},
    pages = {4--9},
    volume = {36},
    publisher = {ACM}
}

@incollection{Karnouskos2014,
    title = {{The IMC-AESOP Architecture for Cloud-Based Industrial Cyber-Physical Systems}},
    year = {2014},
    booktitle = {Industrial Cloud-Based Cyber-Physical Systems},
    author = {Karnouskos, Stamatis and Colombo, Armando W. and Bangemann, Thomas and Manninen, Keijo and Camp, Roberto and Tilly, Marcel and Sikora, Marek and Jammes, François and Delsing, Jerker and Eliasson, Jens and Nappey, Philippe and Hu, Ji and Graf, Mario},
    pages = {49--88},
    volume = {9783319056},
    publisher = {Springer International Publishing},
    url = {http://link.springer.com/10.1007/978-3-319-05624-1_3},
    address = {Cham},
    isbn = {9783319056241},
    doi = {10.1007/978-3-319-05624-1{\_}3}
}

@article{Herterich2015,
    title = {{The Impact of Cyber-physical Systems on Industrial Services in Manufacturing}},
    year = {2015},
    journal = {Procedia CIRP},
    author = {Herterich, Matthias M. and Uebernickel, Falk and Brenner, Walter},
    pages = {323--328},
    volume = {30},
    url = {http://linkinghub.elsevier.com/retrieve/pii/S2212827115001924},
    isbn = {22128271 (ISSN)},
    doi = {10.1016/j.procir.2015.02.110},
    issn = {22128271},
    keywords = {Case study, Cyber-physical systems, Manufacturing, Product-service systems, Servitization, Technology affordances}
}

@article{Li2015a,
    title = {{The internet of things: a survey}},
    year = {2015},
    journal = {Information Systems Frontiers},
    author = {Li, Shancang and Xu, Li Da and Zhao, Shanshan},
    number = {2},
    month = {4},
    pages = {243--259},
    volume = {17},
    publisher = {Springer US},
    url = {http://link.springer.com/10.1007/s10796-014-9492-7},
    isbn = {1389-1286},
    doi = {10.1007/s10796-014-9492-7},
    issn = {1387-3326},
    pmid = {25246403},
    arxivId = {arXiv:1011.1669v3},
    keywords = {Internet of Things, IoT, Literature Review, RFID, Service Oriented Architecture, Wireless Sensors Network}
}

@misc{BarST-SMTLIB,
    title = {{The Satisfiability Modulo Theories Library (SMT-LIB)}},
    year = {2010},
    author = {Barrett, Clark and Stump, Aaron and Tinelli, Cesare},
    howpublished = {{\textbackslash}href{\{}http://www.SMT-LIB.org{\}}{\{}www.SMT-LIB.org{\}}}
}

@article{Radziwon2014a,
    title = {{The Smart Factory: Exploring Adaptive and Flexible Manufacturing Solutions}},
    year = {2014},
    journal = {Procedia Engineering},
    author = {Radziwon, Agnieszka and Bilberg, Arne and Bogers, Marcel and Madsen, Erik Skov},
    pages = {1184--1190},
    volume = {69},
    url = {http://linkinghub.elsevier.com/retrieve/pii/S1877705814003543},
    isbn = {1877-7058},
    doi = {10.1016/j.proeng.2014.03.108},
    issn = {18777058},
    pmid = {15487673},
    arxivId = {arXiv:1011.1669v3},
    keywords = {Adaptive, Automation, Flexible, Manufacturing of the future, Real-time factory, SMEs, Smart factory, U-factory}
}

@article{Becker2009,
    title = {{The {\{}Palladio{\}} Component Model for Model-driven Performance Prediction}},
    year = {2009},
    journal = {Journal of Systems and Software},
    author = {Becker, S and Koziolek, H and Reussner, R},
    number = {1},
    pages = {3--22},
    volume = {82}
}

@inproceedings{Grangel-Gonzalez2016,
    title = {{Towards a Semantic Administrative Shell for Industry 4.0 Components}},
    year = {2016},
    booktitle = {2016 IEEE Tenth International Conference on Semantic Computing (ICSC)},
    author = {Grangel-Gonzalez, Irlan and Halilaj, Lavdim and Coskun, Gokhan and Auer, Soren and Collarana, Diego and Hoffmeister, Michael},
    month = {2},
    pages = {230--237},
    publisher = {IEEE},
    url = {http://ieeexplore.ieee.org/document/7439338/},
    isbn = {978-1-5090-0662-5},
    doi = {10.1109/ICSC.2016.58},
    arxivId = {1601.01556},
    keywords = {Administrative Shell, Industrie 4.0, Semantic Technologies}
}

@inproceedings{Privat2014,
    title = {{Towards a shared software infrastructure for smart homes, smart buildings and smart cities}},
    year = {2014},
    booktitle = {International Workshop on Emerging Trends in the Engineering of Cyber-Physical Systems, Berlin},
    author = {Privat, Gilles and Zhao, Mengxuan and Lemke, Laurent}
}

@inproceedings{Tian2011,
    title = {{Towards Optimal Resource Provisioning for Running {\{}MapReduce{\}} Programs in Public {\{}Clouds{\}}}},
    year = {2011},
    booktitle = {CLOUD},
    author = {Tian, Fengguang and Chen, Keke}
}

@article{Wang2016,
    title = {{Towards smart factory for industry 4.0: a self-organized multi-agent system with big data based feedback and coordination}},
    year = {2016},
    journal = {Computer Networks},
    author = {Wang, Shiyong and Wan, Jiafu and Zhang, Daqiang and Li, Di and Zhang, Chunhua},
    month = {6},
    pages = {158--168},
    volume = {101},
    url = {http://linkinghub.elsevier.com/retrieve/pii/S1389128615005046},
    isbn = {1314373714},
    doi = {10.1016/j.comnet.2015.12.017},
    issn = {13891286},
    keywords = {Cyber-physical system, Deadlock prevention, Industry 4.0, Multi-agent system, Smart factory}
}

@article{Bauer2015,
    title = {{Transforming to a Hyper-connected Society and Economy – Towards an “Industry 4.0”}},
    year = {2015},
    journal = {Procedia Manufacturing},
    author = {Bauer, Wilhelm and H{\"{a}}mmerle, Moritz and Schlund, Sebastian and Vocke, Christian},
    pages = {417--424},
    volume = {3},
    url = {http://linkinghub.elsevier.com/retrieve/pii/S2351978915002012},
    doi = {10.1016/j.promfg.2015.07.200},
    issn = {23519789},
    keywords = {Business models, Demographic change, Digital transformation, Flexibility, Human behavior, Industry 4.0, Key performance indicator, Leadership, Production, Productivity, Qualifications, Technology, Transformability, Work architectures}
}

@article{Kambatla2014,
    title = {{Trends in {\{}Big{\}} {\{}Data{\}} Analytics}},
    year = {2014},
    journal = {Journal of Parallel and Distributed Computing},
    author = {Kambatla, Karthik and Kollias, Giorgos and Kumar, Vipin and Grama, Ananth},
    number = {7},
    pages = {2561--2573},
    volume = {74},
    url = {http://www.sciencedirect.com/science/article/pii/S0743731514000057},
    doi = {10.1016/j.jpdc.2014.01.003},
    issn = {0743-7315},
    keywords = {Analytics, Big-data, Data centers, Distributed systems}
}

@article{Oesterreich2016,
    title = {{Understanding the implications of digitisation and automation in the context of Industry 4.0: A triangulation approach and elements of a research agenda for the construction industry}},
    year = {2016},
    journal = {Computers in Industry},
    author = {Oesterreich, Thuy Duong and Teuteberg, Frank},
    month = {12},
    pages = {121--139},
    volume = {83},
    publisher = {Elsevier},
    url = {http://www.sciencedirect.com/science/article/pii/S0166361516301944 http://linkinghub.elsevier.com/retrieve/pii/S0166361516301944},
    isbn = {01663615},
    doi = {10.1016/j.compind.2016.09.006},
    issn = {01663615},
    keywords = {Case study research, Construction industry, Content analysis, Industry 4.0, PESTEL framework, Research agenda, Systematic literature review}
}

@inproceedings{Blackburn2014,
    title = {{Virtual design and verification of cyber-physical systems: Industrial process plant design}},
    year = {2014},
    booktitle = {Procedia Computer Science},
    author = {Blackburn, Mark and Denno, Peter},
    pages = {883--890},
    volume = {28},
    url = {https://ac.els-cdn.com/S1877050914000696/1-s2.0-S1877050914000696-main.pdf?_tid=b4b0ed16-9f7c-11e7-87e9-00000aacb360&acdnat=1506074541_2092e0644800cf9bf7366647471d45b3 https://www.scopus.com/inward/record.uri?eid=2-s2.0-84897999343&partnerID=40&md5=b42912},
    doi = {10.1016/i.procs.2014.03.006},
    issn = {18770509}
}

@article{Shafiq2015,
    title = {{Virtual Engineering Object / Virtual Engineering Process: A specialized form of Cyber Physical System for Industrie 4.0}},
    year = {2015},
    journal = {Procedia Computer Science},
    author = {Shafiq, Syed Imran and Sanin, Cesar and Szczerbicki, Edward and Toro, Carlos},
    number = {1},
    pages = {1146--1155},
    volume = {60},
    url = {http://linkinghub.elsevier.com/retrieve/pii/S1877050915022930},
    isbn = {*****************},
    doi = {10.1016/j.procs.2015.08.166},
    issn = {18770509},
    keywords = {Decisional DNA, Set knowledge experience structure (SOEKS), Virtual Engineering Object (VEO), Virtual Engineering Process (VEP)}
}

@inproceedings{Jain2016,
    title = {{Virtual factory based data analytics}},
    year = {2016},
    booktitle = {IEEE International Conference on Control and Automation, ICCA},
    author = {Jain, Sanjay and Shao, Guodong and Shin, Seung Jun},
    month = {6},
    pages = {329--334},
    volume = {2016-July},
    publisher = {IEEE},
    url = {http://ieeexplore.ieee.org/document/7505298/},
    isbn = {9781509017386},
    doi = {10.1109/ICCA.2016.7505298},
    issn = {19483457}
}

@inproceedings{Jain2015,
    title = {{Virtual factory revisited for manufacturing data analytics}},
    year = {2014},
    booktitle = {Proceedings of the Winter Simulation Conference 2014},
    author = {Jain, Sanjay and Shao, Guodong},
    month = {12},
    pages = {887--898},
    volume = {2015-Janua},
    publisher = {IEEE},
    url = {http://ieeexplore.ieee.org/document/7019949/},
    isbn = {978-1-4799-7486-3},
    doi = {10.1109/WSC.2014.7019949},
    issn = {08917736}
}

@incollection{Grieves2012,
    title = {{Virtually Indistinguishable}},
    year = {2012},
    booktitle = {Product Lifecycle Management. Towards Knowledge-Rich Enterprises},
    author = {Grieves, Michael W.},
    pages = {226--242},
    publisher = {Springer, Berlin, Heidelberg},
    url = {http://link.springer.com/10.1007/978-3-642-35758-9_20 http://link.springer.com/chapter/10.1007/978-3-642-35758-9_20},
    isbn = {978-3-642-35757-2},
    doi = {10.1007/978-3-642-35758-9{\_}20}
}

@inproceedings{Hunt2010,
    title = {{ZooKeeper: Wait-free Coordination for Internet-scale Systems}},
    year = {2010},
    booktitle = {USENIX Annual Technical Conference},
    author = {Hunt, Patrick and Konar, Mahadev and Junqueira, Flavio P. and Reed, Benjamin},
    pages = {11–11},
    volume = {8},
    url = {http://portal.acm.org/citation.cfm?id=1855851%5Cnhttps://www.usenix.org/event/usenix10/tech/full_papers/Hunt.pdf},
    isbn = {9781450325530},
    issn = {0210945x}
}

@misc{ampl,
    title = {{{\{}AMPL{\}}}},
    url = {http://www.ampl.com/}
}

@misc{hadoop-home,
    title = {{{\{}Apache{\}} {\{}Hadoop{\}}}},
    url = {http://hadoop.apache.org},
    howpublished = {{\textbackslash}url {\{}http://hadoop.apache.org{\}}}
}

@misc{Greene2016,
    title = {{{\{}Big{\}} {\{}Data{\}} in the Enterprise: We Need an ``Easy Button'' for Hadoop}},
    year = {2016},
    author = {Greene, M A and Sreekanti, K},
    url = {http://www.oreilly.com/pub/e/3643}
}

@article{jmt,
    title = {{{\{}JMT{\}}: Performance Engineering Tools for System Modeling}},
    year = {2009},
    journal = {SIGMETRICS Perform. Eval. Rev.},
    author = {Bertoli, Marco and Casale, Giuliano and Serazzi, Giuseppe},
    number = {4},
    pages = {10--15},
    volume = {36},
    publisher = {ACM},
    address = {New York, NY, USA},
    doi = {http://doi.acm.org/10.1145/1530873.1530877},
    issn = {0163-5999}
}

@inproceedings{Sandholm09,
    title = {{{\{}MapReduce{\}} Optimization Using Regulated Dynamic Prioritization}},
    year = {2009},
    booktitle = {SIGMETRICS Performance '09},
    author = {Sandholm, Thomas and Lai, Kevin},
    month = {6},
    pages = {299--310}
}

@inproceedings{Morton2010,
    title = {{{\{}ParaTimer{\}}: A Progress Indicator for {\{}MapReduce{\}} {\{}DAGs{\}}}},
    year = {2010},
    booktitle = {SIGMOD},
    author = {Morton, Kristi and Balazinska, Magdalena and Grossman, Dan},
    url = {http://doi.acm.org/10.1145/1807167.1807223},
    doi = {10.1145/1807167.1807223}
}

@misc{PEPATools2015,
    title = {{{\{}PEPA{\}}: Performance Evaluation Process Algebra}},
    year = {2015},
    author = {{OMG}},
    url = {http://www.dcs.ed.ac.uk/pepa/tools/}
}

@inproceedings{KoziolekMartens2011,
    title = {{{\{}PerOpteryx{\}}: Automated Application of Tactics in Multi-objective Software Architecture Optimization}},
    year = {2011},
    booktitle = {QoSA 2011 Proc.},
    author = {Koziolek, Anne and Koziolek, Heiko and Reussner, Ralf},
    pages = {33--42},
    series = {QoSA-ISARCS '11},
    publisher = {ACM},
    url = {http://doi.acm.org/10.1145/2000259.2000267},
    address = {New York, NY, USA},
    isbn = {978-1-4503-0724-6},
    doi = {10.1145/2000259.2000267},
    keywords = {architectural tactics, costs, multi-objective optimization, optimization, performance, reliability, software architecture}
}

@misc{tpcds-home,
    title = {{{\{}TPC{\}}-{\{}DS{\}} Benchmark}},
    url = {http://www.tpc.org/tpcds/}
}

@inproceedings{ARIA,
    title = {{{\{}{\{}ARIA{\}}{\}}: Automatic Resource Inference and Allocation for {\{}MapReduce{\}} Environments}},
    year = {2011},
    booktitle = {Proceedings of the Eighth International Conference on Autonomic Computing},
    author = {Verma, Abhishek and Cherkasova, Ludmila and Campbell, Roy H},
    month = {6}
}

@article{97Programming,
    title = {{97 8 A C M Turing A w a r d Lecture The Paradigms of Programming}},
    url = {http://delivery.acm.org/10.1145/1290000/1283934/a1978-floyd.pdf?ip=149.132.179.110&id=1283934&acc=TRUSTED&key=296E2ED678667973%2EB9B72D0607302676%2E4D4702B0C3E38B35%2EE47D41B086F0CDA3&__acm__=1517215646_cb67686e845cf72b68e90dfdbbda2eec}
}

@article{Ciavotta2008ASystem,
    title = {{A bi-objective coordination setup problem in a two-stage production system}},
    year = {2008},
    journal = {European Journal of Operational Research},
    author = {Ciavotta, Michele and Detti, Paolo and Meloni, Carlo and Pranzo, Marco},
    number = {3},
    pages = {734--745},
    volume = {189},
    keywords = {Manufacturing systems, Multi-objective algorithms, Sequencing, Setup minimization}
}

@article{Santos2017AStrategy,
    title = {{A Big Data system supporting Bosch Braga Industry 4.0 strategy}},
    year = {2017},
    journal = {International Journal of Information Management},
    author = {Santos, Maribel Yasmina and Oliveira e S{\'{a}}, Jorge and Andrade, Carina and Vale Lima, Francisca and Costa, Eduarda and Costa, Carlos and Martinho, Bruno and Galv{\~{a}}o, João},
    number = {6},
    volume = {37},
    doi = {10.1016/j.ijinfomgt.2017.07.012},
    issn = {02684012}
}

@article{Liu2016AManufacturing,
    title = {{A Cyber-physical System Architecture in Shop Floor for Intelligent Manufacturing}},
    year = {2016},
    journal = {Procedia CIRP},
    author = {Liu, Chao and Jiang, Pingyu},
    pages = {372--377},
    volume = {56},
    url = {http://linkinghub.elsevier.com/retrieve/pii/S2212827116310514},
    isbn = {8602983395},
    doi = {10.1016/j.procir.2016.10.059},
    issn = {22128271}
}

@article{Liu2016AManufacturingb,
    title = {{A Cyber-physical System Architecture in Shop Floor for Intelligent Manufacturing}},
    year = {2016},
    journal = {Procedia CIRP},
    author = {Liu, Chao and Jiang, Pingyu},
    pages = {372--377},
    volume = {56},
    url = {http://linkinghub.elsevier.com/retrieve/pii/S2212827116310514},
    isbn = {8602983395},
    doi = {10.1016/j.procir.2016.10.059},
    issn = {22128271},
    keywords = {cyber-physical system, industrial big data, intelligent manufacturing, knowledge learning}
}

@article{Bonci2016AFuture,
    title = {{A database-centric approach for the modeling, simulation and control of cyber-physical systems in the factory of the future}},
    year = {2016},
    journal = {IFAC-PapersOnLine},
    author = {Bonci, Andrea and Pirani, Massimiliano and Longhi, Sauro},
    number = {12},
    volume = {49},
    doi = {10.1016/j.ifacol.2016.07.608},
    issn = {24058963}
}

@article{Bonci2016AFuture.,
    title = {{A database-centric approach for the modeling, simulation and control of cyber-physical systems in the factory of the future.}},
    year = {2016},
    journal = {IFAC-PapersOnLine},
    author = {Bonci, Andrea and Pirani, Massimiliano and Longhi, Sauro},
    number = {12},
    month = {1},
    pages = {249--254},
    volume = {49},
    publisher = {Elsevier},
    url = {https://www.sciencedirect.com/science/article/pii/S2405896316308722?_rdoc=1&_fmt=high&_origin=gateway&_docanchor=&md5=b8429449ccfc9c30159a5f9aeaa92ffb&dgcid=raven_sd_recommender_email},
    doi = {10.1016/J.IFACOL.2016.07.608},
    issn = {2405-8963}
}

@inproceedings{Evangelinou2015AApplications,
    title = {{A Joint Benchmark-Analytic Approach for Design-Time Assessment of Multi-Cloud Applications}},
    year = {2015},
    booktitle = {Procedia Computer Science},
    author = {Evangelinou, Athanasia and Ciavotta, Michele and Kousiouris, George and Ardagna, Danilo},
    pages = {67--77},
    volume = {68},
    publisher = {Elsevier},
    keywords = {Benchmarking, Cloud applications, Model Driven Design, QoS}
}

@article{Francalanza2017ASystems,
    title = {{A knowledge-based tool for designing cyber physical production systems}},
    year = {2017},
    journal = {Computers in Industry},
    author = {Francalanza, E. and Borg, J. and Constantinescu, C.},
    volume = {84},
    isbn = {0166-3615},
    doi = {10.1016/j.compind.2016.08.001},
    issn = {01663615}
}

@article{Ciavotta2017AAllocation,
    title = {{A mixed integer linear programming optimization approach for multi-cloud capacity allocation}},
    year = {2017},
    journal = {Journal of Systems and Software},
    author = {Ciavotta, Michele and Ardagna, Danilo and Gibilisco, Giovanni Paolo},
    pages = {64--78},
    volume = {123},
    doi = {10.1016/j.jss.2016.10.001},
    issn = {01641212},
    keywords = {MILP, Multi-cloud capacity allocation, Optimization}
}

@article{Herter2016AScenarios,
    title = {{A Model based Visualization Framework for Cross Discipline Collaboration in Industry 4.0 Scenarios}},
    year = {2016},
    journal = {Procedia CIRP},
    author = {Herter, Johannes and Ovtcharova, Jivka},
    month = {1},
    pages = {398--403},
    volume = {57},
    publisher = {Elsevier},
    url = {http://www.sciencedirect.com/science/article/pii/S2212827116312239?_rdoc=1&_fmt=high&_origin=gateway&_docanchor=&md5=b8429449ccfc9c30159a5f9aeaa92ffb&dgcid=raven_sd_recommender_email},
    doi = {10.1016/J.PROCIR.2016.11.069},
    issn = {2212-8271}
}

@inproceedings{Guerriero2016AApplications,
    title = {{A Model-Driven DevOps Framework for QoS-Aware Cloud Applications}},
    year = {2016},
    booktitle = {Proceedings - 17th International Symposium on Symbolic and Numeric Algorithms for Scientific Computing, SYNASC 2015},
    author = {Guerriero, M. and Ciavotta, M. and Gibilisco, G.P. and Ardagna, D.},
    pages = {345--351},
    keywords = {Auto-Scaling, Capacity Allocation, Optimization, QoS}
}

@article{Gonzalez-Nalda2016ADocker,
    title = {{A modular CPS architecture design based on ROS and Docker}},
    year = {2016},
    journal = {International Journal on Interactive Design and Manufacturing (IJIDeM)},
    author = {Gonz{\'{a}}lez-Nalda, Pablo and Etxeberria-Agiriano, Ismael and Calvo, Isidro and Otero, Mari Carmen},
    month = {4},
    pages = {1--7},
    publisher = {Springer Paris},
    url = {http://link.springer.com/10.1007/s12008-016-0313-8},
    doi = {10.1007/s12008-016-0313-8},
    issn = {1955-2513}
}

@incollection{Ardagna2014AApplications,
    title = {{A Multi-model Optimization Framework for the Model Driven Design of Cloud Applications}},
    year = {2014},
    booktitle = {Search-Based Software Engineering},
    author = {Ardagna, Danilo and Gibilisco, Giovanni Paolo and Ciavotta, Michele and Lavrentev, Alexander},
    editor = {LeGoues, C and Yoo, S},
    pages = {61--76},
    volume = {8636},
    url = {<Go to ISI>://WOS:000345519200005},
    isbn = {978-3-319-09940-8; 978-3-319-09939-2}
}

@misc{Ardagna2014AApplicationsb,
    title = {{A multi-model optimization framework for the model driven design of cloud applications}},
    year = {2014},
    booktitle = {Lecture Notes in Computer Science (including subseries Lecture Notes in Artificial Intelligence and Lecture Notes in Bioinformatics)},
    author = {Ardagna, D and Gibilisco, G P and Ciavotta, M and Lavrentev, A},
    pages = {61--76},
    volume = {8636 LNCS},
    url = {http://www.scopus.com/inward/record.url?eid=2-s2.0-84905457516&partnerID=40&md5=e801d0659e1ae71a7a7db137d9c7005b},
    isbn = {9783319099392},
    doi = {10.1007/978-3-319-09940-8-5},
    issn = {03029743}
}

@article{Tonelli2016AEra,
    title = {{A Novel Methodology for Manufacturing Firms Value Modeling and Mapping to Improve Operational Performance in the Industry 4.0 Era}},
    year = {2016},
    journal = {Procedia CIRP},
    author = {Tonelli, F. and Demartini, M. and Loleo, A. and Testa, C.},
    month = {1},
    pages = {122--127},
    volume = {57},
    publisher = {Elsevier},
    url = {https://www.sciencedirect.com/science/article/pii/S2212827116311751?_rdoc=1&_fmt=high&_origin=gateway&_docanchor=&md5=b8429449ccfc9c30159a5f9aeaa92ffb&dgcid=raven_sd_recommender_email},
    doi = {10.1016/J.PROCIR.2016.11.022},
    issn = {2212-8271}
}

@inproceedings{Klein2016ADomain,
    title = {{A reference architecture for big data systems in the national security domain}},
    year = {2016},
    booktitle = {Proceedings of the 2nd International Workshop on BIG Data Software Engineering - BIGDSE '16},
    author = {Klein, John and Buglak, Ross and Blockow, David and Wuttke, Troy and Cooper, Brenton},
    pages = {51--57},
    publisher = {ACM Press},
    url = {https://resources.sei.cmu.edu/asset_files/ConferencePaper/2016_021_001_463907.pdf http://dl.acm.org/citation.cfm?doid=2896825.2896834},
    address = {New York, New York, USA},
    isbn = {9781450341523},
    doi = {10.1145/2896825.2896834},
    keywords = {Reference architecture, big data}
}

@inproceedings{Klein2016ADomainb,
    title = {{A reference architecture for big data systems in the national security domain}},
    year = {2016},
    booktitle = {Proceedings of the 2nd International Workshop on BIG Data Software Engineering - BIGDSE '16},
    author = {Klein, John and Buglak, Ross and Blockow, David and Wuttke, Troy and Cooper, Brenton},
    pages = {51--57},
    publisher = {ACM Press},
    url = {http://dl.acm.org/citation.cfm?doid=2896825.2896834},
    address = {New York, New York, USA},
    isbn = {9781450341523},
    doi = {10.1145/2896825.2896834},
    keywords = {big data, reference architecture}
}

@incollection{Al-Najran2015ACapture,
    title = {{A Requirements Specification Framework for Big Data Collection and Capture}},
    year = {2015},
    booktitle = {Communications in Computer and Information Science},
    author = {Al-Najran, Noufa and Dahanayake, Ajantha},
    pages = {12--19},
    volume = {539},
    publisher = {Springer, Cham},
    url = {http://link.springer.com/10.1007/978-3-319-23201-0_2},
    isbn = {9783319232003},
    doi = {10.1007/978-3-319-23201-0{\_}2},
    issn = {18650929},
    keywords = {Big data analytics, Big data collection, Big data scenarios, Information filtering, Scenario-based data collection, Software requirements engineering}
}

@misc{Minella2008AProblem,
    title = {{A review and evaluation of multiobjective algorithms for the flowshop scheduling problem}},
    year = {2008},
    booktitle = {INFORMS Journal on Computing},
    author = {Minella, Gerardo and Ruiz, Ruben and Ciavotta, Michele},
    number = {3},
    pages = {451--471},
    volume = {20},
    keywords = {Evaluation, Flowshop, Multiobjective, Review, Scheduling}
}

@article{Negri2017ASystems,
    title = {{A Review of the Roles of Digital Twin in CPS-based Production Systems}},
    year = {2017},
    journal = {Procedia Manufacturing},
    author = {Negri, Elisa and Fumagalli, Luca and Macchi, Marco},
    volume = {11},
    doi = {10.1016/j.promfg.2017.07.198},
    issn = {23519789}
}

@article{Liu2018ATools,
    title = {{A systematic development method for cyber-physical machine tools}},
    year = {2018},
    journal = {Journal of Manufacturing Systems},
    author = {Liu, Chao and Vengayil, Hrishikesh and Zhong, Ray Y. and Xu, Xun},
    month = {2},
    publisher = {Elsevier},
    url = {https://www.sciencedirect.com/science/article/pii/S0278612518300128?_rdoc=1&_fmt=high&_origin=gateway&_docanchor=&md5=b8429449ccfc9c30159a5f9aeaa92ffb&dgcid=raven_sd_recommender_email},
    doi = {10.1016/J.JMSY.2018.02.001},
    issn = {0278-6125}
}

@article{ValiantALearnable,
    title = {{A Theory of the Learnable}},
    author = {Valiant, G},
    url = {https://people.mpi-inf.mpg.de/~mehlhorn/SeminarEvolvability/ValiantLearnable.pdf}
}

@article{Rosen2015AboutManufacturing,
    title = {{About The Importance of Autonomy and Digital Twins for the Future of Manufacturing}},
    year = {2015},
    journal = {IFAC-PapersOnLine},
    author = {Rosen, Roland and von Wichert, Georg and Lo, George and Bettenhausen, Kurt D.},
    number = {3},
    month = {1},
    pages = {567--572},
    volume = {48},
    publisher = {Elsevier},
    url = {https://www.sciencedirect.com/science/article/pii/S2405896315003808?_rdoc=1&_fmt=high&_origin=gateway&_docanchor=&md5=b8429449ccfc9c30159a5f9aeaa92ffb&dgcid=raven_sd_recommender_email},
    doi = {10.1016/J.IFACOL.2015.06.141},
    issn = {2405-8963}
}

@incollection{Palmonari2015ABSTAT:STATistics,
    title = {{ABSTAT: Linked Data Summaries with ABstraction and STATistics}},
    year = {2015},
    booktitle = {Lecture Notes in Computer Science (including subseries Lecture Notes in Artificial Intelligence and Lecture Notes in Bioinformatics)},
    author = {Palmonari, Matteo and Rula, Anisa and Porrini, Riccardo and Maurino, Andrea and Spahiu, Blerina and Ferme, Vincenzo},
    month = {5},
    pages = {128--132},
    volume = {9341},
    publisher = {Springer, Cham},
    url = {http://link.springer.com/10.1007/978-3-319-25639-9_25},
    isbn = {9783319256382},
    doi = {10.1007/978-3-319-25639-9{\_}25},
    issn = {16113349}
}

@inproceedings{Hill2017AnOptimization,
    title = {{An Efficient Bandit Algorithm for Realtime Multivariate Optimization}},
    year = {2017},
    booktitle = {Proceedings of the 23rd ACM SIGKDD International Conference on Knowledge Discovery and Data Mining  - KDD '17},
    author = {Hill, Daniel N. and Nassif, Houssam and Liu, Yi and Iyer, Anand and Vishwanathan, S.V.N.},
    pages = {1813--1821},
    publisher = {ACM Press},
    url = {http://dl.acm.org/citation.cfm?doid=3097983.3098184},
    address = {New York, New York, USA},
    isbn = {9781450348874},
    doi = {10.1145/3097983.3098184},
    keywords = {a/b testing, hill-climbing, multi-armed bandit, multivariate optimization}
}

@techreport{OderskyAnLanguage,
    title = {{An Overview of the Scala Programming Language}},
    author = {Odersky, Martin and Altherr, Philippe and Cremet, Vincent and Emir, Burak and Maneth, Sebastian and Micheloud, Stéphane and Mihaylov, Nikolay and Schinz, Michel and Stenman, Erik and Zenger, Matthias},
    url = {https://infoscience.epfl.ch/record/52656/files/ScalaOverview.pdf}
}

@article{Meissner2017Analysis4.0,
    title = {{Analysis of Control Architectures in the Context of Industry 4.0}},
    year = {2017},
    journal = {Procedia CIRP},
    author = {Meissner, Hermann and Ilsen, Rebecca and Aurich, Jan C.},
    month = {1},
    pages = {165--169},
    volume = {62},
    publisher = {Elsevier},
    url = {http://www.sciencedirect.com/science/article/pii/S2212827117300641?_rdoc=1&_fmt=high&_origin=gateway&_docanchor=&md5=b8429449ccfc9c30159a5f9aeaa92ffb},
    doi = {10.1016/J.PROCIR.2016.06.113},
    issn = {2212-8271}
}

@inproceedings{Chen2017ApplicationPlatform,
    title = {{Application of Programmable Logic Controller to Build-up an Intelligent Industry 4.0 Platform}},
    year = {2017},
    booktitle = {Procedia CIRP},
    author = {Chen, Jian Yu and Tai, Kuo Cheng and Chen, Guo Chin},
    volume = {63},
    isbn = {22128271 (ISSN)},
    doi = {10.1016/j.procir.2017.03.116},
    issn = {22128271}
}

@article{Gandomi2015BeyondAnalytics,
    title = {{Beyond the hype: Big data concepts, methods, and analytics}},
    year = {2015},
    journal = {International Journal of Information Management},
    author = {Gandomi, Amir and Haider, Murtaza},
    number = {2},
    month = {4},
    pages = {137--144},
    volume = {35},
    publisher = {Pergamon},
    url = {http://www.sciencedirect.com/science/article/pii/S0268401214001066 http://linkinghub.elsevier.com/retrieve/pii/S0268401214001066},
    isbn = {02684012},
    doi = {10.1016/j.ijinfomgt.2014.10.007},
    issn = {02684012},
    pmid = {1655112214},
    keywords = {Big data analytics, Big data definition, Predictive analytics, Unstructured data analytics}
}

@techreport{Oracle2013BigArchitecture,
    title = {{Big Data {\&} Analytics Reference Architecture}},
    year = {2013},
    author = {{Oracle}},
    number = {September},
    url = {http://www.oracle.com/technetwork/topics/entarch/oracle-wp-big-data-refarch-2019930.pdf}
}

@article{Moyne2017BigManufacturing,
    title = {{Big Data Analytics for Smart Manufacturing: Case Studies in Semiconductor Manufacturing}},
    year = {2017},
    journal = {Processes},
    author = {Moyne, James and Iskandar, Jimmy},
    number = {3},
    month = {7},
    pages = {39},
    volume = {5},
    publisher = {Multidisciplinary Digital Publishing Institute},
    url = {http://www.mdpi.com/2227-9717/5/3/39},
    doi = {10.3390/pr5030039},
    issn = {2227-9717},
    keywords = {anomaly detection, big data, predictive analytics, predictive maintenance, process control, semiconductor manufacturing, smart manufacturing}
}

@article{Babiceanu2016BigOutlook,
    title = {{Big Data and virtualization for manufacturing cyber-physical systems: A survey of the current status and future outlook}},
    year = {2016},
    journal = {Computers in Industry},
    author = {Babiceanu, Radu F. and Seker, Remzi},
    month = {9},
    pages = {128--137},
    volume = {81},
    url = {http://linkinghub.elsevier.com/retrieve/pii/S0166361516300471},
    doi = {10.1016/j.compind.2016.02.004},
    issn = {01663615}
}

@article{Wang2015BigProgress,
    title = {{Big Data and Visualization: Methods, Challenges and Technology Progress}},
    year = {2015},
    journal = {Digital Technologies},
    author = {Wang, Lidong and Wang, Guanghui and Alexander, Cheryl Ann},
    number = {1},
    month = {7},
    pages = {33--38},
    volume = {1},
    publisher = {Science and Education Publishing},
    url = {http://pubs.sciepub.com/dt/1/1/7/ http://pubs.sciepub.com/dt/1/1/7},
    doi = {10.12691/dt-1-1-7},
    keywords = {Big Data, cloud computing, information technology, interactive visualization, networks, telecommunication systems, virtual reality, visualization}
}

@inproceedings{Zhang2016BigPCA,
    title = {{Big Data Dimension Reduction Using PCA}},
    year = {2016},
    booktitle = {2016 IEEE International Conference on Smart Cloud (SmartCloud)},
    author = {Zhang, Tonglin and Yang, Baijian},
    month = {11},
    pages = {152--157},
    publisher = {IEEE},
    url = {http://ieeexplore.ieee.org/document/7796166/},
    isbn = {978-1-5090-5263-9},
    doi = {10.1109/SmartCloud.2016.33}
}

@article{urRehman2016BigSurvey,
    title = {{Big Data Reduction Methods: A Survey}},
    year = {2016},
    journal = {Data Science and Engineering},
    author = {ur Rehman, Muhammad Habib and Liew, Chee Sun and Abbas, Assad and Jayaraman, Prem Prakash and Wah, Teh Ying and Khan, Samee U.},
    number = {4},
    month = {12},
    pages = {265--284},
    volume = {1},
    publisher = {Springer Berlin Heidelberg},
    url = {http://link.springer.com/10.1007/s41019-016-0022-0},
    isbn = {4101901600},
    doi = {10.1007/s41019-016-0022-0},
    issn = {2364-1185}
}

@article{NetworkedEuropeanSoftwareandServicesInitiativeNESSI2012BigOpportunities,
    title = {{Big Data: A New World of Opportunities}},
    year = {2012},
    author = {{Networked European Software and Services Initiative (NESSI)}},
    number = {December},
    pages = {25},
    url = {http://www.bdva.eu/sites/default/files/whitepaper_on_bigdata.pdf}
}

@article{SerraBOUNDINGNETWORKS,
    title = {{BOUNDING AND COUNTING LINEAR REGIONS OF DEEP NEURAL NETWORKS}},
    author = {Serra, Thiago and Tjandraatmadja, Christian and Ramalingam, Srikumar},
    url = {http://www.optimization-online.org/DB_FILE/2018/01/6414.pdf}
}

@article{Knapp2017BuildingManufacturing,
    title = {{Building blocks for a digital twin of additive manufacturing}},
    year = {2017},
    journal = {Acta Materialia},
    author = {Knapp, G.L. and Mukherjee, T. and Zuback, J.S. and Wei, H.L. and Palmer, T.A. and De, A. and DebRoy, T.},
    month = {8},
    pages = {390--399},
    volume = {135},
    publisher = {Pergamon},
    url = {https://www.sciencedirect.com/science/article/pii/S1359645417305141?_rdoc=1&_fmt=high&_origin=gateway&_docanchor=&md5=b8429449ccfc9c30159a5f9aeaa92ffb&dgcid=raven_sd_recommender_email},
    doi = {10.1016/J.ACTAMAT.2017.06.039},
    issn = {1359-6454}
}

@article{DebRoy2017BuildingMachines,
    title = {{Building digital twins of 3D printing machines}},
    year = {2017},
    journal = {Scripta Materialia},
    author = {DebRoy, T. and Zhang, W. and Turner, J. and Babu, S.S.},
    month = {7},
    pages = {119--124},
    volume = {135},
    publisher = {Pergamon},
    url = {https://www.sciencedirect.com/science/article/pii/S1359646216305991},
    doi = {10.1016/J.SCRIPTAMAT.2016.12.005},
    issn = {1359-6462}
}

@article{Alam2017C2PS:Systems,
    title = {{C2PS: A digital twin architecture reference model for the cloud-based cyber-physical systems}},
    year = {2017},
    journal = {IEEE Access},
    author = {Alam, Kazi Masudul and El Saddik, Abdulmotaleb},
    volume = {5},
    isbn = {2169-3536 VO  - 5},
    doi = {10.1109/ACCESS.2017.2657006},
    issn = {21693536}
}

@inproceedings{Ciavotta2017CapacityCloud,
    title = {{Capacity allocation for big data applications in the cloud}},
    year = {2017},
    booktitle = {ICPE 2017 - Companion of the 2017 ACM/SPEC International Conference on Performance Engineering},
    author = {Ciavotta, M. and Gianniti, E. and Ardagna, D.},
    number = {},
    volume = {},
    isbn = {9781450348997},
    doi = {10.1145/3053600.3053630},
    keywords = {Big data, Capacity allocation, Cloud, QoS}
}

@article{Lakshman2010Cassandra,
    title = {{Cassandra}},
    year = {2010},
    journal = {ACM SIGOPS Operating Systems Review},
    author = {Lakshman, Avinash and Malik, Prashant},
    number = {2},
    pages = {35},
    volume = {44},
    url = {http://dl.acm.org/citation.cfm?id=1773912.1773922},
    isbn = {9781605583969},
    doi = {10.1145/1773912.1773922},
    issn = {01635980}
}

@book{Guide2004CassandraGuide,
    title = {{Cassandra, The definitive guide}},
    year = {2004},
    booktitle = {Geriatric Nursing},
    author = {Guide, The Definitive},
    number = {1},
    month = {1},
    pages = {23},
    volume = {25},
    url = {http://linkinghub.elsevier.com/retrieve/pii/S0197457204000655},
    isbn = {1565925289},
    doi = {10.1016/S0197-4572(04)00065-5},
    issn = {01974572},
    pmid = {21133780},
    arxivId = {arXiv:1011.1669v3}
}

@article{FeiTao2014CCIoT-CMfg:System,
    title = {{CCIoT-CMfg: Cloud Computing and Internet of Things-Based Cloud Manufacturing Service System}},
    year = {2014},
    journal = {IEEE Transactions on Industrial Informatics},
    author = {{Fei Tao} and {Ying Cheng} and {Li Da Xu} and {Lin Zhang} and {Bo Hu Li}},
    number = {2},
    month = {5},
    pages = {1435--1442},
    volume = {10},
    url = {http://ieeexplore.ieee.org/document/6742575/},
    doi = {10.1109/TII.2014.2306383},
    issn = {1551-3203}
}

@article{Tao2011CloudModel,
    title = {{Cloud manufacturing: a computing and service-oriented manufacturing model}},
    year = {2011},
    journal = {Proceedings of the Institution of Mechanical Engineers, Part B: Journal of Engineering Manufacture},
    author = {Tao, F and Zhang, L and Venkatesh, V C and Luo, Y and Cheng, Y},
    number = {10},
    month = {10},
    pages = {1969--1976},
    volume = {225},
    publisher = {SAGE PublicationsSage UK: London, England},
    url = {http://journals.sagepub.com/doi/10.1177/0954405411405575},
    isbn = {0954-4054{\textbackslash}r2041-2975},
    doi = {10.1177/0954405411405575},
    issn = {0954-4054},
    keywords = {cloud computing, cloud manufacturing (CMfg), computing-oriented manufacturing (COM), manufacturing system, service-oriented manufacturing (SOM)}
}

@article{Gao2015Cloud-enabledManufacturing,
    title = {{Cloud-enabled prognosis for manufacturing}},
    year = {2015},
    journal = {CIRP Annals},
    author = {Gao, R. and Wang, L. and Teti, R. and Dornfeld, D. and Kumara, S. and Mori, M. and Helu, M.},
    number = {2},
    pages = {749--772},
    volume = {64},
    url = {http://linkinghub.elsevier.com/retrieve/pii/S000785061500150X},
    isbn = {0007-8506},
    doi = {10.1016/j.cirp.2015.05.011},
    issn = {00078506},
    pmid = {16060722},
    arxivId = {gr-qc/0208024},
    keywords = {Cloud manufacturing, Condition monitoring, Predictive model}
}

@inproceedings{Dworschak2014CompetencesScenarios,
    title = {{Competences for cyber-physical systems in manufacturing-First findings and scenarios}},
    year = {2014},
    booktitle = {Procedia CIRP},
    author = {Dworschak, Bernd and Zaiser, Helmut},
    number = {C},
    volume = {25},
    isbn = {22128271 (ISSN)},
    doi = {10.1016/j.procir.2014.10.048},
    issn = {22128271}
}

@article{Dhuieb2016Context-awareness:Knowledge,
    title = {{Context-awareness: A Key Enabler for Ubiquitous Access to Manufacturing Knowledge}},
    year = {2016},
    journal = {Procedia CIRP},
    author = {Dhuieb, Mohamed Anis and Laroche, Florent and Bernard, Alain},
    month = {1},
    pages = {484--489},
    volume = {41},
    publisher = {Elsevier},
    url = {https://www.sciencedirect.com/science/article/pii/S2212827115011063?_rdoc=1&_fmt=high&_origin=gateway&_docanchor=&md5=b8429449ccfc9c30159a5f9aeaa92ffb&dgcid=raven_sd_recommender_email},
    doi = {10.1016/J.PROCIR.2015.12.027},
    issn = {2212-8271}
}

@article{Razzaq2013CyberApplications,
    title = {{Cyber security: Threats, reasons, challenges, methodologies and state of the art solutions for industrial applications}},
    year = {2013},
    journal = {2013 IEEE Eleventh International Symposium on Autonomous Decentralized Systems (ISADS)},
    author = {Razzaq, Abdul and Hur, Ali and Ahmad, H Farooq and Masood, Muddassar},
    pages = {1--6},
    url = {http://ieeexplore.ieee.org/lpdocs/epic03/wrapper.htm?arnumber=6513420},
    isbn = {978-1-4673-5070-9},
    doi = {10.1109/ISADS.2013.6513420},
    keywords = {cyber security, cyber threat, web security}
}

@inproceedings{Liu2017Cyber-physical4.0,
    title = {{Cyber-physical Machine Tool - The Era of Machine Tool 4.0}},
    year = {2017},
    booktitle = {Procedia CIRP},
    author = {Liu, Chao and Xu, Xun},
    volume = {63},
    isbn = {22128271 (ISSN)},
    doi = {10.1016/j.procir.2017.03.078},
    issn = {22128271}
}

@book{Ciavotta2016D-SPACE4Cloud:Applications,
    title = {{D-SPACE4Cloud: A design tool for big data applications}},
    year = {2016},
    booktitle = {Lecture Notes in Computer Science (including subseries Lecture Notes in Artificial Intelligence and Lecture Notes in Bioinformatics)},
    author = {Ciavotta, M. and Gianniti, E. and Ardagna, D.},
    volume = {10048 LNCS},
    isbn = {9783319495828},
    doi = {10.1007/978-3-319-49583-5{\_}48},
    issn = {16113349 03029743},
    keywords = {Optimization, Queueing networks], [MapReduce}
}

@article{RahmDataApproaches,
    title = {{Data Cleaning: Problems and Current Approaches}},
    author = {Rahm, Erhard and Do, Hong Hai},
    url = {http://www.betterevaluation.org/sites/default/files/data_cleaning.pdf}
}

@article{XindongWu2014DataData,
    title = {{Data mining with big data}},
    year = {2014},
    journal = {IEEE Transactions on Knowledge and Data Engineering},
    author = {{Xindong Wu} and {Xingquan Zhu} and {Gong-Qing Wu} and {Wei Ding}},
    number = {1},
    month = {1},
    pages = {97--107},
    volume = {26},
    url = {http://ieeexplore.ieee.org/document/6547630/},
    isbn = {1041-4347},
    doi = {10.1109/TKDE.2013.109},
    issn = {1041-4347},
    pmid = {92680836},
    keywords = {Big Data, autonomous sources, complex and evolving associations, data mining, heterogeneity}
}

@article{FurcheDataOpportunities,
    title = {{Data Wrangling for Big Data: Challenges and Opportunities}},
    author = {Furche, Tim and Gottlob, Georg and Libkin, Leonid and Orsi, Giorgio and Paton, Norman W},
    url = {http://openproceedings.org/2016/conf/edbt/paper-94.pdf},
    doi = {10.5441/002/edbt.2016.44}
}

@article{Tao2018Data-drivenManufacturing,
    title = {{Data-driven smart manufacturing}},
    year = {2018},
    journal = {Journal of Manufacturing Systems},
    author = {Tao, Fei and Qi, Qinglin and Liu, Ang and Kusiak, Andrew},
    month = {1},
    publisher = {Elsevier},
    url = {https://www.sciencedirect.com/science/article/pii/S0278612518300062?_rdoc=1&_fmt=high&_origin=gateway&_docanchor=&md5=b8429449ccfc9c30159a5f9aeaa92ffb&dgcid=raven_sd_recommender_email},
    doi = {10.1016/J.JMSY.2018.01.006},
    issn = {0278-6125}
}

@article{2018DeepApplications,
    title = {{Deep learning for smart manufacturing: Methods and applications}},
    year = {2018},
    journal = {Journal of Manufacturing Systems},
    month = {1},
    publisher = {Elsevier},
    url = {https://www.sciencedirect.com/science/article/pii/S0278612518300037},
    doi = {10.1016/J.JMSY.2018.01.003},
    issn = {0278-6125}
}

@article{Mazzaferro2011DeliverableArchitecture,
    title = {{Deliverable Suggestions for Working Groups Excerpted by Bob Marcus from a presentation {\&}quot; Towards A General Reference Architecture for BIG DATA {\&}quot; BIG DATA General Reference Architecture}},
    year = {2011},
    author = {Mazzaferro, Gary},
    url = {https://bigdatawg.nist.gov/_uploadfiles/M0054_v1_8456980532.pdf}
}

@misc{Cooper2006DigitalSmart,
    title = {{Digital smart factory: How smart?}},
    year = {2006},
    booktitle = {Graphic Arts Monthly},
    author = {Cooper, Kevin},
    number = {12},
    pages = {16},
    volume = {78},
    issn = {10479325}
}

@article{Brenner2017DigitalUniversity,
    title = {{Digital Twin as Enabler for an Innovative Digital Shopfloor Management System in the ESB Logistics Learning Factory at Reutlingen - University}},
    year = {2017},
    journal = {Procedia Manufacturing},
    author = {Brenner, Beate and Hummel, Vera},
    month = {1},
    pages = {198--205},
    volume = {9},
    publisher = {Elsevier},
    url = {https://www.sciencedirect.com/science/article/pii/S2351978917301579?_rdoc=1&_fmt=high&_origin=gateway&_docanchor=&md5=b8429449ccfc9c30159a5f9aeaa92ffb&dgcid=raven_sd_recommender_email},
    doi = {10.1016/J.PROMFG.2017.04.039},
    issn = {2351-9789}
}

@article{Schroeder2016DigitalExchange,
    title = {{Digital Twin Data Modeling with AutomationML and a Communication Methodology for Data Exchange}},
    year = {2016},
    journal = {IFAC-PapersOnLine},
    author = {Schroeder, Greyce N. and Steinmetz, Charles and Pereira, Carlos E. and Espindola, Danubia B.},
    number = {30},
    month = {1},
    pages = {12--17},
    volume = {49},
    publisher = {Elsevier},
    url = {https://www.sciencedirect.com/science/article/pii/S2405896316325538},
    doi = {10.1016/J.IFACOL.2016.11.115},
    issn = {2405-8963}
}

@article{Tao2017DigitalManufacturing,
    title = {{Digital Twin Shop-Floor: A New Shop-Floor Paradigm Towards Smart Manufacturing}},
    year = {2017},
    journal = {IEEE Access},
    author = {Tao, Fei and Zhang, Meng},
    pages = {20418--20427},
    volume = {5},
    url = {http://ieeexplore.ieee.org/document/8049520/},
    doi = {10.1109/ACCESS.2017.2756069},
    issn = {2169-3536}
}

@article{Haag2018DigitalConcept,
    title = {{Digital twin – Proof of concept}},
    year = {2018},
    journal = {Manufacturing Letters},
    author = {Haag, Sebastian and Anderl, Reiner},
    month = {2},
    publisher = {Elsevier},
    url = {https://www.sciencedirect.com/science/article/pii/S2213846318300208?_rdoc=1&_fmt=high&_origin=gateway&_docanchor=&md5=b8429449ccfc9c30159a5f9aeaa92ffb&dgcid=raven_sd_recommender_email},
    doi = {10.1016/J.MFGLET.2018.02.006},
    issn = {2213-8463}
}

@incollection{Nylund2008DigitalSystems,
    title = {{Digital Virtual Holons — An Approach to Digital Manufacturing Systems}},
    year = {2008},
    booktitle = {Manufacturing Systems and Technologies for the New Frontier},
    author = {Nylund, Hasse and Salminen, Kai and Andersson, Paul},
    pages = {103--106},
    url = {http://link.springer.com/10.1007/978-1-84800-267-8_20},
    isbn = {978-1-84800-266-1},
    doi = {10.1007/978-1-84800-267-8{\_}20},
    keywords = {digital, holonic, manufacturing system}
}

@article{Zaharia2013DiscretizedScale,
    title = {{Discretized Streams: Fault-Tolerant Streaming Computation at Scale}},
    year = {2013},
    journal = {Sosp},
    author = {Zaharia, Matei and Das, Tathagata and Li, Haoyuan and Hunter, Timothy and Shenker, Scott and Stoica, Ion},
    number = {1},
    pages = {423--438},
    url = {http://dx.doi.org/10.1145/2517349.2522737},
    isbn = {9781450323888},
    doi = {10.1145/2517349.2522737}
}

@article{Vitae2016Dr.Ciavotta,
    title = {{Dr. Michele Ciavotta}},
    year = {2016},
    author = {Vitae, Curriculum},
    pages = {1--9}
}

@article{Lynn2017EmbeddedAnalytics,
    title = {{Embedded fog computing for high-frequency MTConnect data analytics}},
    year = {2017},
    journal = {Manufacturing Letters},
    author = {Lynn, Roby and Wescoat, Ethan and Han, Dongmin and Kurfess, Thomas},
    month = {12},
    publisher = {Elsevier},
    url = {https://www.sciencedirect.com/science/article/pii/S2213846317300731?_rdoc=1&_fmt=high&_origin=gateway&_docanchor=&md5=b8429449ccfc9c30159a5f9aeaa92ffb&dgcid=raven_sd_recommender_email},
    doi = {10.1016/J.MFGLET.2017.11.002},
    issn = {2213-8463}
}

@article{Barnes2017EnablingSystems,
    title = {{Enabling Flexibility through Forming and Evolving Systems of Systems}},
    year = {2017},
    journal = {Procedia Computer Science},
    author = {Barnes, Walter L. and Song, Ya-nan and Xu, Rong-hua and Dagli, Cihan H. and Qin, Ruwen},
    month = {1},
    pages = {19--27},
    volume = {114},
    publisher = {Elsevier},
    url = {https://www.sciencedirect.com/science/article/pii/S187705091731863X},
    doi = {10.1016/J.PROCS.2017.09.059},
    issn = {1877-0509}
}

@article{Evangelinou2016EnterpriseApproach,
    title = {{Enterprise applications cloud rightsizing through a joint benchmarking and optimization approach}},
    year = {2016},
    journal = {Future Generation Computer Systems},
    author = {Evangelinou, Athanasia and Ciavotta, Michele and Ardagna, Danilo and Kopaneli, Aliki and Kousiouris, George and Varvarigou, Theodora},
    doi = {10.1016/j.future.2016.11.002},
    issn = {0167739X},
    keywords = {Cloud applications, Design space ex, [Benchmarking}
}

@article{Curry2017EstablishingSystems-of-Systems,
    title = {{Establishing Rules for Self-Organizing Systems-of-Systems}},
    year = {2017},
    journal = {Procedia Computer Science},
    author = {Curry, David M. and Dagli, Cihan H.},
    month = {1},
    pages = {14--18},
    volume = {114},
    publisher = {Elsevier},
    url = {https://www.sciencedirect.com/science/article/pii/S1877050917318628},
    doi = {10.1016/J.PROCS.2017.09.058},
    issn = {1877-0509}
}

@article{EuropeanBigDataValueAssociation2017EuropeanV4.0,
    title = {{European Big Data Value Strategic Research and Innovation V4.0}},
    year = {2017},
    journal = {BigDataValu.eu},
    author = {{European Big Data Value Association}},
    url = {http://www.bdva.eu/sites/default/files/BDVA_SRIA_v4_Ed1.1.pdf http://www.nessi-europe.eu/Files/Private/EuropeanBigDataValuePartnership_SRIA__v099 v4.pdf}
}

@techreport{Palmonari2017EW-ShoppSpecification,
    title = {{EW-Shopp Deliverable D1.1 Interoperability - Requirements Specification}},
    year = {2017},
    author = {Palmonari, Matteo and Zvan, Matej and Cutrona, Vincenzo and Dolenc, Matjaz},
    pages = {1--78}
}

@techreport{Marguglio2017EW-ShoppPlan,
    title = {{EW-Shopp Deliverable D2.1 Data Management Plan}},
    year = {2017},
    author = {Marguglio, Angelo and Maurino, Andrea and Palmonari, Matteo and Nikolov, Nikolay},
    pages = {1--117},
    url = {http://www.ew-shopp.eu/wp-content/uploads/2017/07/EW-Shopp_Y1-D2.1.pdf}
}

@techreport{Nikolov2017EW-ShoppV1,
    title = {{EW-Shopp Deliverable D2.2 D2.2 EW-Shopp Platform – v1}},
    year = {2017},
    author = {Nikolov, Nikolay and Dalgard, Steffen and Marguglio, Angelo and Hoffman, Volker}
}

@techreport{Dujic2017EW-ShoppDescriptions,
    title = {{EW-Shopp Deliverable D4.1 Business Case Requirements - Business modeling, potential and monetization Pilot definition and descriptions}},
    year = {2017},
    author = {Dujic, Darko and Torlak, Matija and Lech, Till and Božič, Matjaž and Rodríguez Alonso, Francisco and Melnyk, Olga and Palmonari, Matteo},
    pages = {1--64}
}

@misc{FermatsVersion.,
    title = {{Fermat's Library | A Sample of Brilliance annotated/explained version.}},
    url = {http://fermatslibrary.com/s/a-sample-of-brilliance}
}

@article{Marilungo2017From4.0,
    title = {{From PSS to CPS Design: A Real Industrial Use Case Toward Industry 4.0}},
    year = {2017},
    journal = {Procedia CIRP},
    author = {Marilungo, Eugenia and Papetti, Alessandra and Germani, Michele and Peruzzini, Margherita},
    pages = {357--362},
    volume = {64},
    url = {http://linkinghub.elsevier.com/retrieve/pii/S2212827117301518},
    isbn = {22128271 (ISSN)},
    doi = {10.1016/j.procir.2017.03.007},
    issn = {22128271},
    keywords = {CPS, Cyber Physical System design, ICT, Industry 4.0, IoT}
}

@article{Full-text,
    title = {{full-text}}
}

@article{Data2016GDPRRegulation,
    title = {{GDPR : Getting Ready for the New EU General Data Protection Regulation}},
    year = {2016},
    author = {Data, General and Regulation, Protection and Journal, Official and Directive, Data Protection},
    pages = {1--5},
    url = {https://www.infolawgroup.com/2016/05/articles/gdpr/gdpr-getting-ready-for-the-new-eu-general-data-protection-regulation/}
}

@article{Kawaguchi2017GeneralizationLearning,
    title = {{Generalization in Deep Learning}},
    year = {2017},
    author = {Kawaguchi, Kenji and Kaelbling, Leslie Pack and Bengio, Yoshua},
    month = {10},
    url = {http://arxiv.org/abs/1710.05468},
    arxivId = {1710.05468}
}

@inproceedings{Golovin2017GoogleVizier,
    title = {{Google Vizier}},
    year = {2017},
    booktitle = {Proceedings of the 23rd ACM SIGKDD International Conference on Knowledge Discovery and Data Mining  - KDD '17},
    author = {Golovin, Daniel and Solnik, Benjamin and Moitra, Subhodeep and Kochanski, Greg and Karro, John and Sculley, D.},
    pages = {1487--1495},
    publisher = {ACM Press},
    url = {http://dl.acm.org/citation.cfm?doid=3097983.3098043},
    address = {New York, New York, USA},
    isbn = {9781450348874},
    doi = {10.1145/3097983.3098043},
    keywords = {bayesian inference, black-box optimization, gaussian process, machine learning}
}

@techreport{HP2014HPImplementation,
    title = {{HP Big Data Reference Architecture : Hortonworks Data Platform reference architecture implementation}},
    year = {2014},
    author = {{HP}},
    url = {https://hortonworks.com/wp-content/uploads/2013/10/Big-Data-Reference-Architecture_4AA5-6136ENW.pdf},
    keywords = {4AA5-6136ENW, All-Partners, BDRA, Big Data Architecture, Hadoop, Hortonworks, Minotaur, Moonshot, RMDA, SL4540, YARN, flexibility, infrastructure, m710, reference architecture, scalability}
}

@article{Thiede2016ImplementingFactories,
    title = {{Implementing Cyber-physical Production Systems in Learning Factories}},
    year = {2016},
    journal = {Procedia CIRP},
    author = {Thiede, Sebastian and Juraschek, Max and Herrmann, Christoph},
    pages = {7--12},
    volume = {54},
    url = {http://linkinghub.elsevier.com/retrieve/pii/S2212827116302852},
    isbn = {22128271},
    doi = {10.1016/j.procir.2016.04.098},
    issn = {22128271},
    keywords = {Learning factories, action based learning, cyber-physical production systems}
}

@article{Lasi2014Industry4.0,
    title = {{Industry 4.0}},
    year = {2014},
    journal = {Business and Information Systems Engineering},
    author = {Lasi, Heiner and Fettke, Peter and Kemper, Hans Georg and Feld, Thomas and Hoffmann, Michael},
    number = {4},
    volume = {6},
    isbn = {0949-0205},
    doi = {10.1007/s12599-014-0334-4},
    issn = {18670202},
    pmid = {1556941973}
}

@article{Hofmann2017IndustryLogistics,
    title = {{Industry 4.0 and the current status as well as future prospects on logistics}},
    year = {2017},
    journal = {Computers in Industry},
    author = {Hofmann, Erik and R{\"{u}}sch, Marco},
    volume = {89},
    isbn = {01663615 (ISSN)},
    doi = {10.1016/j.compind.2017.04.002},
    issn = {01663615}
}

@article{Hofmann2017IndustryLogisticsb,
    title = {{Industry 4.0 and the current status as well as future prospects on logistics}},
    year = {2017},
    journal = {Computers in Industry},
    author = {Hofmann, Erik and R{\"{u}}sch, Marco},
    month = {8},
    pages = {23--34},
    volume = {89},
    publisher = {Elsevier},
    url = {http://www.sciencedirect.com/science/article/pii/S0166361517301902},
    doi = {10.1016/J.COMPIND.2017.04.002},
    issn = {0166-3615}
}

@article{Rodic2017IndustryParadigm,
    title = {{Industry 4.0 and the New Simulation Modelling Paradigm}},
    year = {2017},
    journal = {Organizacija},
    author = {Rodi{\v{c}}, Blaž},
    isbn = {13185454 (ISSN)},
    doi = {10.1515/orga-2017-0017},
    issn = {15811832},
    keywords = {Digital Twin, Industry 4.0, SME, automated modelling, multiple-case study, simulation and modelling}
}

@inproceedings{Saldivar2015IndustryPerspective,
    title = {{Industry 4.0 with cyber-physical integration: A design and manufacture perspective}},
    year = {2015},
    booktitle = {2015 21st International Conference on Automation and Computing (ICAC)},
    author = {Saldivar, Alfredo Alan Flores and Li, Yun and Chen, Wei-neng and Zhan, Zhi-hui and Zhang, Jun and Chen, Leo Yi},
    month = {9},
    pages = {1--6},
    publisher = {IEEE},
    url = {http://ieeexplore.ieee.org/document/7313954/},
    isbn = {978-0-9926-8011-4},
    doi = {10.1109/IConAC.2015.7313954},
    issn = {0196-9722},
    keywords = {CAD, CAutoD, Cyber-physical integration, Industry 4.0, cyber-physical systems, networked autonomous production, smart manufacturing}
}

@article{Zezulka2016IndustryPhenomenon,
    title = {{Industry 4.0 – An Introduction in the phenomenon}},
    year = {2016},
    journal = {IFAC-PapersOnLine},
    author = {Zezulka, F. and Marcon, P. and Vesely, I. and Sajdl, O.},
    number = {25},
    month = {1},
    pages = {8--12},
    volume = {49},
    publisher = {Elsevier},
    url = {http://www.sciencedirect.com/science/article/pii/S2405896316326386?_rdoc=1&_fmt=high&_origin=gateway&_docanchor=&md5=b8429449ccfc9c30159a5f9aeaa92ffb&dgcid=raven_sd_recommender_email},
    doi = {10.1016/J.IFACOL.2016.12.002},
    issn = {2405-8963}
}

@article{Lu2017IndustryIssues,
    title = {{Industry 4.0: A survey on technologies, applications and open research issues}},
    year = {2017},
    journal = {Journal of Industrial Information Integration},
    author = {Lu, Yang},
    month = {6},
    pages = {1--10},
    volume = {6},
    publisher = {Elsevier},
    url = {http://www.sciencedirect.com/science/article/pii/S2452414X17300043?_rdoc=1&_fmt=high&_origin=gateway&_docanchor=&md5=b8429449ccfc9c30159a5f9aeaa92ffb},
    doi = {10.1016/J.JII.2017.04.005},
    issn = {2452-414X}
}

@book{Bahrami2015InformationIntelligence,
    title = {{Information Granularity, Big Data, and Computational Intelligence}},
    year = {2015},
    author = {Bahrami, Mehdi and Singhal, Mukesh},
    editor = {Pedrycz, Witold and Chen, Shyi-Ming},
    pages = {275--295},
    series = {Studies in Big Data},
    volume = {8},
    publisher = {Springer International Publishing},
    url = {http://link.springer.com/10.1007/978-3-319-08254-7_13 http://link.springer.com/10.1007/978-3-319-08254-7},
    address = {Cham},
    isbn = {978-3-319-08253-0},
    doi = {10.1007/978-3-319-08254-7},
    keywords = {big data}
}

@article{Cackett2013InformationArchitecture,
    title = {{Information Management and Big Data A Reference Architecture}},
    year = {2013},
    journal = {White Paper},
    author = {Cackett, Doug},
    number = {February},
    pages = {28},
    url = {http://www.oracle.com/technetwork/database/bigdata-appliance/overview/bigdatarefarchitecture-2297765.pdf http://www.oracle.com/technetwork/topics/entarch/articles/info-mgmt-big-data-ref-arch-1902853.pdf http://citeseerx.ist.psu.edu/viewdoc/download?doi=10},
    doi = {10.1.1.398.7632}
}

@article{Cackett2013InformationArchitectureb,
    title = {{Information Management and Big Data A Reference Architecture}},
    year = {2013},
    journal = {White Paper},
    author = {Cackett, Doug},
    number = {February},
    pages = {28},
    url = {http://citeseerx.ist.psu.edu/viewdoc/summary?doi=10.1.1.398.7632 http://citeseerx.ist.psu.edu/viewdoc/download?doi=10.1.1.398.7632&rep=rep1&type=pdf%5Cnhttp://www.oracle.com/technetwork/topics/entarch/articles/info-mgmt-big-data-ref-arch-1902853.pdf},
    doi = {10.1.1.398.7632}
}

@article{Stark2017InnovationsDesign,
    title = {{Innovations in digital modelling for next generation manufacturing system design}},
    year = {2017},
    journal = {CIRP Annals - Manufacturing Technology},
    author = {Stark, Rainer and Kind, Simon and Neumeyer, Sebastian},
    number = {1},
    volume = {66},
    isbn = {00078506 (ISSN)},
    doi = {10.1016/j.cirp.2017.04.045},
    issn = {17260604}
}

@article{Zhong2017IntelligentReview,
    title = {{Intelligent Manufacturing in the Context of Industry 4.0: A Review}},
    year = {2017},
    journal = {Engineering},
    author = {Zhong, Ray Y. and Xu, Xun and Klotz, Eberhard and Newman, Stephen T.},
    number = {5},
    volume = {3},
    isbn = {2095-8099},
    doi = {10.1016/J.ENG.2017.05.015},
    issn = {20958099}
}

@article{Gubbi2013InternetDirections,
    title = {{Internet of Things (IoT): A vision, architectural elements, and future directions}},
    year = {2013},
    journal = {Future Generation Computer Systems},
    author = {Gubbi, Jayavardhana and Buyya, Rajkumar and Marusic, Slaven and Palaniswami, Marimuthu},
    number = {7},
    volume = {29},
    isbn = {0167739X},
    doi = {10.1016/j.future.2013.01.010},
    issn = {0167739X},
    pmid = {20120930},
    arxivId = {1207.0203}
}

@article{Georgakopoulos2016InternetManufacturing,
    title = {{Internet of Things and Edge Cloud Computing Roadmap for Manufacturing}},
    year = {2016},
    journal = {IEEE Cloud Computing},
    author = {Georgakopoulos, Dimitrios and Jayaraman, Prem Prakash and Fazia, Maria and Villari, Massimo and Ranjan, Rajiv},
    number = {4},
    month = {7},
    pages = {66--73},
    volume = {3},
    url = {http://ieeexplore.ieee.org/document/7571077/},
    isbn = {2325-6095 VO - 3},
    doi = {10.1109/MCC.2016.91},
    issn = {2325-6095},
    keywords = {Internet of Things, cloud computing, manufacturing in the cloud}
}

@article{TESCH2017INTERNETANALYSIS,
    title = {{INTERNET OF THINGS BUSINESS MODEL INNOVATION AND THE STAGE-GATE PROCESS: AN EXPLORATORY ANALYSIS}},
    year = {2017},
    journal = {International Journal of Innovation Management},
    author = {TESCH, JAN F. and BRILLINGER, ANNE-SOPHIE and BILGERI, DOMINIK},
    number = {05},
    month = {6},
    pages = {1740002},
    volume = {21},
    publisher = { World Scientific Publishing Company },
    url = {http://www.worldscientific.com/doi/abs/10.1142/S1363919617400023},
    doi = {10.1142/S1363919617400023},
    issn = {1363-9196},
    keywords = {Internet of things, business model innovation, case study research, stage-gate system}
}

@misc{Xu2014InternetSurvey,
    title = {{Internet of things in industries: A survey}},
    year = {2014},
    booktitle = {IEEE Transactions on Industrial Informatics},
    author = {Xu, Li Da and He, Wu and Li, Shancang},
    number = {4},
    volume = {10},
    isbn = {1551-3203 VO - PP},
    doi = {10.1109/TII.2014.2300753},
    issn = {15513203},
    pmid = {25246403},
    arxivId = {arXiv:1011.1669v3}
}

@article{Tao2014IoT-BasedManufacturing,
    title = {{IoT-Based intelligent perception and access of manufacturing resource toward cloud manufacturing}},
    year = {2014},
    journal = {IEEE Transactions on Industrial Informatics},
    author = {Tao, Fei and Zuo, Ying and Xu, Li Da and Zhang, Lin},
    number = {2},
    volume = {10},
    isbn = {1551-3203 VO  - 10},
    doi = {10.1109/TII.2014.2306397},
    issn = {15513203}
}

@article{Qu2016IoT-basedManufacturing,
    title = {{IoT-based real-time production logistics synchronization system under smart cloud manufacturing}},
    year = {2016},
    journal = {International Journal of Advanced Manufacturing Technology},
    author = {Qu, T. and Lei, S. P. and Wang, Z. Z. and Nie, D. X. and Chen, X. and Huang, George Q.},
    number = {1-4},
    volume = {84},
    isbn = {0268-3768},
    doi = {10.1007/s00170-015-7220-1},
    issn = {14333015}
}

@article{West2017IsProject,
    title = {{Is Digital Thread/Digital Twin Affordable? A Systemic Assessment of the Cost of DoD’s Latest Manhattan Project}},
    year = {2017},
    journal = {Procedia Computer Science},
    author = {West, Timothy D. and Blackburn, Mark},
    month = {1},
    pages = {47--56},
    volume = {114},
    publisher = {Elsevier},
    url = {https://www.sciencedirect.com/science/article/pii/S1877050917317970?_rdoc=1&_fmt=high&_origin=gateway&_docanchor=&md5=b8429449ccfc9c30159a5f9aeaa92ffb&dgcid=raven_sd_recommender_email},
    doi = {10.1016/J.PROCS.2017.09.003},
    issn = {1877-0509}
}

@article{Kreps2011Kafka:Processing,
    title = {{Kafka: a Distributed Messaging System for Log Processing}},
    year = {2011},
    journal = {ACM SIGMOD Workshop on Networking Meets Databases},
    author = {Kreps, Jay and Corp, Linkedin},
    pages = {6},
    url = {http://research.microsoft.com/en-us/um/people/srikanth/netdb11/netdb11papers/netdb11-final12.pdf},
    isbn = {9781450306522},
    keywords = {distributed, log processing, messaging, online, throughput}
}

@article{Neuman1994Kerberos:Networks,
    title = {{Kerberos: an authentication service for computer networks}},
    year = {1994},
    journal = {IEEE Communications Magazine},
    author = {Neuman, B.C. and Ts'o, T.},
    number = {9},
    month = {9},
    pages = {33--38},
    volume = {32},
    url = {http://ieeexplore.ieee.org/document/312841/},
    doi = {10.1109/35.312841},
    issn = {0163-6804}
}

@article{Clinton2010LeadingDevelopment,
    title = {{Leading through civilian power: Redefining American diplomacy and development}},
    year = {2010},
    journal = {Foreign Affairs},
    author = {Clinton, Hillary Rodham},
    number = {6},
    month = {9},
    pages = {13--24},
    volume = {89},
    url = {http://ieeexplore.ieee.org/document/312841/},
    isbn = {0015-7120},
    doi = {10.1109/35.312841},
    issn = {00157120},
    pmid = {763491479}
}

@article{DaiLearningGraphs,
    title = {{Learning Combinatorial Optimization Algorithms over Graphs}},
    author = {Dai, Hanjun and Khalil, Elias B and Zhang, Yuyu and Dilkina, Bistra and Song, Le},
    url = {https://arxiv.org/pdf/1704.01665.pdf}
}

@article{Simons2017LearningDarmstadt,
    title = {{Learning in the AutFab – The Fully Automated Industrie 4.0 Learning Factory of the University of Applied Sciences Darmstadt}},
    year = {2017},
    journal = {Procedia Manufacturing},
    author = {Simons, Stephan and Ab{\'{e}}, Patrick and Neser, Stephan},
    month = {1},
    pages = {81--88},
    volume = {9},
    publisher = {Elsevier},
    url = {http://www.sciencedirect.com/science/article/pii/S2351978917301415?_rdoc=1&_fmt=high&_origin=gateway&_docanchor=&md5=b8429449ccfc9c30159a5f9aeaa92ffb},
    doi = {10.1016/J.PROMFG.2017.04.023},
    issn = {2351-9789}
}

@article{Khalil2017LearningSearch,
    title = {{Learning to Run Heuristics in Tree Search}},
    year = {2017},
    author = {Khalil, Elias B and Dilkina, Bistra and Nemhauser, George L and Ahmed, Shabbir and Shao, Yufen},
    url = {https://www.ijcai.org/proceedings/2017/0092.pdf},
    isbn = {9780999241103},
    issn = {10450823},
    keywords = {Combinatorial {\&} Heuristic Search: Combinatorial se, Constraints and Satisfiability: Constraint Optimis, Constraints and Satisfiability: Constraint Satisfa, Constraints and Satisfiability: Constraints and Sa}
}

@inproceedings{Weber2017M2DDMManufacturing,
    title = {{M2DDM - A Maturity Model for Data-Driven Manufacturing}},
    year = {2017},
    booktitle = {Procedia CIRP},
    author = {Weber, Christian and K{\"{o}}nigsberger, Jan and Kassner, Laura and Mitschang, Bernhard},
    volume = {63},
    doi = {10.1016/j.procir.2017.03.309},
    issn = {22128271}
}

@article{Bokrantz2017Maintenance2030,
    title = {{Maintenance in digitalised manufacturing: Delphi-based scenarios for 2030}},
    year = {2017},
    journal = {International Journal of Production Economics},
    author = {Bokrantz, Jon and Skoogh, Anders and Berlin, Cecilia and Stahre, Johan},
    volume = {191},
    doi = {10.1016/j.ijpe.2017.06.010},
    issn = {09255273}
}

@article{Yoon2016ManufacturingCPMS,
    title = {{Manufacturing Information Bus from the Perspective of Cyber Physical Manufacturing System (CPMS)}},
    year = {2016},
    journal = {IFAC-PapersOnLine},
    author = {Yoon, SooCheol and Suh, Suk-Hwan},
    number = {31},
    month = {1},
    pages = {103--108},
    volume = {49},
    publisher = {Elsevier},
    url = {https://www.sciencedirect.com/science/article/pii/S2405896316328403?_rdoc=1&_fmt=high&_origin=gateway&_docanchor=&md5=b8429449ccfc9c30159a5f9aeaa92ffb&dgcid=raven_sd_recommender_email},
    doi = {10.1016/J.IFACOL.2016.12.169},
    issn = {2405-8963}
}

@article{Dean2004MapReduce:Clusters,
    title = {{MapReduce: Simplified Data Processing on Large Clusters}},
    year = {2004},
    journal = {Proc. of the OSDI - Symp. on Operating Systems Design and Implementation},
    author = {Dean, Jeffrey and Ghemawat, Sanjay},
    pages = {137--149},
    url = {http://citeseerx.ist.psu.edu/viewdoc/summary;jsessionid=53CA72B524B9A6153BFE89FE26FBB832?doi=10.1.1.163.5292},
    isbn = {9781595936868},
    doi = {10.1145/1327452.1327492},
    issn = {00010782},
    pmid = {11687618},
    arxivId = {10.1.1.163.5292}
}

@article{Ciavotta2013MinimisingSystem,
    title = {{Minimising general setup costs in a two-stage production system}},
    year = {2013},
    journal = {International Journal of Production Research},
    author = {Ciavotta, M. and Meloni, C. and Pranzo, M.},
    number = {8},
    pages = {2268--2280},
    volume = {51},
    keywords = {cost improvement, discrete optimisation, general setup costs, heuristics, operational research, optimisation, scheduling, sequencing, set-up reduction, setup minimisation}
}

@article{Ciavotta2013Multi-objectiveStudy,
    title = {{Multi-objective sequence dependent setup times permutation flowshop: A new algorithm and a comprehensive study}},
    year = {2013},
    journal = {European Journal of Operational Research},
    author = {Ciavotta, Michele and Minella, Gerardo and Ruiz, Rub??n},
    number = {2},
    pages = {301--313},
    volume = {227},
    keywords = {Iterated greedy, Multi-objective, Permutation flowshop, Scheduling, Sequence dependent setup times}
}

@article{Penas2017Multi-scaleSystems,
    title = {{Multi-scale approach from mechatronic to Cyber-Physical Systems for the design of manufacturing systems}},
    year = {2017},
    journal = {Computers in Industry},
    author = {Penas, Olivia and Plateaux, Régis and Patalano, Stanislao and Hammadi, Moncef},
    volume = {86},
    isbn = {01663615},
    doi = {10.1016/j.compind.2016.12.001},
    issn = {01663615}
}

@article{BigDataPublicWorkingGroupNISTSurvey,
    title = {{NIST Big Data Interoperability Framework: Volume 5, Architectures White Paper Survey}},
    journal = {NIST Special Publication},
    author = {Big Data Public Working Group, Nist},
    pages = {1500--5},
    url = {http://dx.doi.org/10.6028/NIST.SP.1500-5},
    doi = {10.6028/NIST.SP.1500-5},
    keywords = {Big Data, Big Data Application Provider, Big Data Framework Provider, Big Data characteristics, Big Data taxonomy, Data Consumer, Data Provider, Management Fabric, Security and Privacy Fabric, System Orchestrator, data science, reference architecture, use cases}
}

@techreport{NBD-PWG2015NISTArchitecture,
    title = {{NIST Big Data Interoperability Framework: Volume 6, Reference Architecture}},
    year = {2015},
    author = {(NBD-PWG), NIST Big Data Public Working Group},
    month = {10},
    pages = {1--62},
    volume = {6},
    url = {http://dx.doi.org/10.6028/NIST.SP.1500-6 http://nvlpubs.nist.gov/nistpubs/SpecialPublications/NIST.SP.1500-6.pdf},
    institution = {National Institute of Standards and Technology},
    address = {Gaithersburg, MD},
    doi = {10.6028/NIST.SP.1500-6},
    keywords = {Big Data, Big Data Application Provider, Big Data Framework Provider, Big Data characteristics, Big Data taxonomy, Data Consumer, Data Provider, Management Fabric, Security and Privacy Fabric, System Orchestrator, data science, reference architecture, use cases}
}

@article{Chang2017NISTBeyond,
    title = {{NIST Big Data Reference Architecture for Analytics and Beyond}},
    year = {2017},
    author = {Chang, Wo},
    url = {https://bigdatawg.nist.gov/Day2_15_NBDRA_Anaytics_and_Beyond_WoChang.pdf}
}

@article{Cerrone2014OnTwin,
    title = {{On the effects of modeling as-manufactured geometry: Toward digital twin}},
    year = {2014},
    journal = {International Journal of Aerospace Engineering},
    author = {Cerrone, Albert and Hochhalter, Jacob and Heber, Gerd and Ingraffea, Anthony},
    volume = {2014},
    doi = {10.1155/2014/439278},
    issn = {16875974}
}

@inproceedings{Recordon2006OpenID2.0,
    title = {{OpenID 2.0}},
    year = {2006},
    booktitle = {Proceedings of the second ACM workshop on Digital identity management  - DIM '06},
    author = {Recordon, David and Reed, Drummond},
    pages = {11},
    publisher = {ACM Press},
    url = {http://portal.acm.org/citation.cfm?doid=1179529.1179532},
    address = {New York, New York, USA},
    isbn = {1595935479},
    doi = {10.1145/1179529.1179532},
    keywords = {authentication, authorization, identity, open source, open standard, user-centric}
}

@article{Malekimajd2015OptimalSystems,
    title = {{Optimal Map Reduce Job Capacity Allocation in Cloud Systems}},
    year = {2015},
    journal = {ACM SIGMETRICS Performance Evaluation Review},
    author = {Malekimajd, Marzieh and Ardagna, Danilo and Ciavotta, Michele and Rizzi, Alessandro Maria and Passacantando, Mauro},
    number = {4},
    pages = {51--61},
    volume = {42},
    url = {http://dl.acm.org/citation.cfm?doid=2788402.2788410%5Cnhttp://dl.acm.org/citation.cfm?id=2788402.2788410},
    doi = {10.1145/2788402.2788410},
    issn = {01635999}
}

@inproceedings{Ciavotta2015PalladioApplications,
    title = {{Palladio optimization suite: QoS optimization for component-based cloud applications}},
    year = {2015},
    booktitle = {9th EAI International Conference on Performance Evaluation Methodologies and Tools, ValueTools 2015},
    author = {Ciavotta, M. and Ardagna, D. and Koziolek, A.},
    keywords = {Cloud, Model-driven, Optimization, QoS}
}

@article{Kan2018ParallelMonitoring,
    title = {{Parallel computing and network analytics for fast Industrial Internet-of-Things (IIoT) machine information processing and condition monitoring}},
    year = {2018},
    journal = {Journal of Manufacturing Systems},
    author = {Kan, Chen and Yang, Hui and Kumara, Soundar},
    month = {1},
    pages = {282--293},
    volume = {46},
    publisher = {Elsevier},
    url = {https://www.sciencedirect.com/science/article/pii/S0278612518300104?_rdoc=1&_fmt=high&_origin=gateway&_docanchor=&md5=b8429449ccfc9c30159a5f9aeaa92ffb&dgcid=raven_sd_recommender_email},
    doi = {10.1016/J.JMSY.2018.01.010},
    issn = {0278-6125}
}

@article{UrbinaCoronado2018PartSystem,
    title = {{Part data integration in the Shop Floor Digital Twin: Mobile and cloud technologies to enable a manufacturing execution system}},
    year = {2018},
    journal = {Journal of Manufacturing Systems},
    author = {Urbina Coronado, Pedro Daniel and Lynn, Roby and Louhichi, Wafa and Parto, Mahmoud and Wescoat, Ethan and Kurfess, Thomas},
    month = {2},
    publisher = {Elsevier},
    url = {https://www.sciencedirect.com/science/article/pii/S027861251830013X?_rdoc=1&_fmt=high&_origin=gateway&_docanchor=&md5=b8429449ccfc9c30159a5f9aeaa92ffb&dgcid=raven_sd_recommender_email},
    doi = {10.1016/J.JMSY.2018.02.002},
    issn = {0278-6125}
}

@article{Tisch2017PotentialsTraining,
    title = {{Potentials and Limits of Learning Factories in Research, Innovation Transfer, Education, and Training}},
    year = {2017},
    journal = {Procedia Manufacturing},
    author = {Tisch, M. and Metternich, J.},
    month = {1},
    pages = {89--96},
    volume = {9},
    publisher = {Elsevier},
    url = {http://www.sciencedirect.com/science/article/pii/S2351978917301452?_rdoc=1&_fmt=high&_origin=gateway&_docanchor=&md5=b8429449ccfc9c30159a5f9aeaa92ffb&dgcid=raven_sd_recommender_email#! http://linkinghub.elsevier.com/retrieve/pii/S2351978917301452},
    isbn = {4961511620087},
    doi = {10.1016/j.promfg.2017.04.027},
    issn = {23519789},
    keywords = {Competency development, Lernfabrik, Manufacturing Education}
}

@misc{Fielding2002PrincipledArchitecture,
    title = {{Principled Design of the Modern Web Architecture}},
    year = {2002},
    booktitle = {ACM Transactions on Internet Technology},
    author = {Fielding, Roy T and Taylor, Richard N},
    number = {2},
    pages = {407--416},
    volume = {2},
    isbn = {1581132069},
    doi = {10.1145/514183.514185},
    issn = {1533-5399},
    pmid = {16151403},
    arxivId = {10.1145/514183.514185},
    keywords = {Architectures, Categories and Subject Descriptors, D211 [Software Engineering], Design, H35 [Information Storage and Retrieval], H54 [Hypertext/Hypermedia], Network-based applications, Performance, REST, Software Architectures, Standardization Additional Key Words and Phrases, World Wide Web}
}

@article{Colombo2015PrivacyRoadmap,
    title = {{Privacy Aware Access Control for Big Data: A Research Roadmap}},
    year = {2015},
    journal = {Big Data Research},
    author = {Colombo, Pietro and Ferrari, Elena},
    number = {4},
    month = {12},
    pages = {145--154},
    volume = {2},
    publisher = {Elsevier},
    url = {http://www.sciencedirect.com/science/article/pii/S2214579615000489?_rdoc=1&_fmt=high&_origin=gateway&_docanchor=&md5=b8429449ccfc9c30159a5f9aeaa92ffb&dgcid=raven_sd_recommender_email http://linkinghub.elsevier.com/retrieve/pii/S2214579615000489},
    doi = {10.1016/j.bdr.2015.08.001},
    issn = {22145796}
}

@book{Borisov2008Privacy2008,
    title = {{Privacy Enhancing Technologies - 8th International Symposium 2008}},
    year = {2008},
    booktitle = {Evolutionary Computation, Machine Learning and Data Mining in Bioinformatics},
    author = {Borisov, Nikita and Goldberg, Ian},
    pages = {122--133},
    volume = {7246},
    url = {https://link.springer.com/content/pdf/10.1007/978-3-540-70630-4.pdf http://dx.doi.org/10.1007/978-3-642-29066-4_11},
    isbn = {978-3-642-29065-7},
    doi = {10.1007/978-3-642-29066-4{\{}{\_}{\}}11}
}

@article{Cugola2012ProcessingInformation,
    title = {{Processing flows of information}},
    year = {2012},
    journal = {ACM Computing Surveys},
    author = {Cugola, Gianpaolo and Margara, Alessandro},
    number = {3},
    month = {6},
    pages = {1--62},
    volume = {44},
    publisher = {ACM},
    url = {http://dl.acm.org/citation.cfm?doid=2187671.2187677},
    isbn = {9781450304238},
    doi = {10.1145/2187671.2187677},
    issn = {03600300},
    keywords = {Complex event processing, publish-subscribe, stream processing}
}

@incollection{Ardagna2017QoSManagement,
    title = {{QoS Assessment and SLA Management}},
    year = {2017},
    booktitle = {SpringerBriefs in Applied Sciences and Technology},
    author = {Ardagna, Danilo and Ciavotta, Michele and Gibilisco, Giovanni Paolo and Desantis, Riccardo Benito and Casale, Giuliano and P{\'{e}}rez, Juan F. and D’Andria, Francesco and Sosa Gonz{\'{a}}lez, Román},
    number = {9783319460307},
    pages = {35--46},
    url = {http://link.springer.com/10.1007/978-3-319-46031-4_4},
    isbn = {978-3-319-46030-7},
    doi = {10.1007/978-3-319-46031-4{\_}4},
    issn = {21915318}
}

@article{Ardagna2014Quality-of-serviceApplications,
    title = {{Quality-of-service in cloud computing: modeling techniques and their applications}},
    year = {2014},
    journal = {Journal of Internet Services and Applications},
    author = {Ardagna, Danilo and Casale, Giuliano and Ciavotta, Michele and P{\'{e}}rez, Juan F and Wang, Weikun},
    number = {1},
    pages = {11},
    volume = {5},
    url = {http://www.jisajournal.com/content/5/1/11},
    keywords = {cloud computing, modeling, qos management, quality of service}
}

@article{Ardagna2014Quality-of-serviceApplicationsb,
    title = {{Quality-of-service in cloud computing: modeling techniques and their applications}},
    year = {2014},
    journal = {Journal of Internet Services and Applications},
    author = {Ardagna, D. and Casale, G. and Ciavotta, M. and P{\'{e}}rez, J.F. and Wang, W.},
    number = {1},
    volume = {5},
    doi = {10.1186/s13174-014-0011-3},
    issn = {18690238 18674828},
    keywords = {Cloud computing, Modeling, QoS management, Quality of service}
}

@article{Ardagna2014Quality-of-serviceApplicationsc,
    title = {{Quality-of-service in cloud computing: modeling techniques and their applications}},
    year = {2014},
    journal = {Journal of Internet Services and Applications},
    author = {Ardagna, Danilo and Casale, Giuliano and Ciavotta, Michele and Perez, Juan F and Wang, Weikun},
    number = {1},
    volume = {5},
    url = {http://dx.doi.org/10.1186/s13174-014-0011-3},
    issn = {18674828},
    keywords = {Cloud computing;Decision making;Models;}
}

@article{Preskill2018QuantumBeyond,
    title = {{Quantum Computing in the NISQ era and beyond}},
    year = {2018},
    author = {Preskill, John},
    month = {1},
    url = {http://arxiv.org/abs/1801.00862},
    arxivId = {1801.00862}
}

@article{Zhang2015Real-timeThings,
    title = {{Real-time information capturing and integration framework of the internet of manufacturing things}},
    year = {2015},
    journal = {International Journal of Computer Integrated Manufacturing},
    author = {Zhang, Yingfeng and Zhang, Geng and Wang, Junqiang and Sun, Shudong and Si, Shubin and Yang, Teng},
    isbn = {9783037852828},
    doi = {10.1080/0951192X.2014.900874},
    issn = {13623052},
    keywords = {Auto-ID, Real-time manufacturing information, Sensor networks, The internet of manufacturing things (IoMT)}
}

@article{Lee2013RecentEnvironment,
    title = {{Recent advances and trends in predictive manufacturing systems in big data environment}},
    year = {2013},
    journal = {Manufacturing Letters},
    author = {Lee, Jay and Lapira, Edzel and Bagheri, Behrad and Kao, Hung an},
    number = {1},
    volume = {1},
    isbn = {2213-8463},
    doi = {10.1016/j.mfglet.2013.09.005},
    issn = {22138463},
    pmid = {25246403},
    arxivId = {arXiv:1011.1669v3}
}

@article{Paakkonen2015ReferenceSystems,
    title = {{Reference Architecture and Classification of Technologies, Products and Services for Big Data Systems}},
    year = {2015},
    journal = {Big Data Research},
    author = {P{\"{a}}{\"{a}}kk{\"{o}}nen, Pekka and Pakkala, Daniel},
    number = {4},
    month = {12},
    pages = {166--186},
    volume = {2},
    publisher = {Elsevier},
    url = {http://www.sciencedirect.com/science/article/pii/S2214579615000027 http://linkinghub.elsevier.com/retrieve/pii/S2214579615000027},
    isbn = {978-1-4799-6023-1},
    doi = {10.1016/j.bdr.2015.01.001},
    issn = {22145796},
    keywords = {Big data, Classification, Literature survey, Reference architecture}
}

@article{Minella2011RestartedProblems,
    title = {{Restarted Iterated Pareto Greedy algorithm for multi-objective flowshop scheduling problems}},
    year = {2011},
    journal = {Computers and Operations Research},
    author = {Minella, Gerardo and Ruiz, Rub??n and Ciavotta, Michele},
    number = {11},
    pages = {1521--1533},
    volume = {38},
    keywords = {Flowshop, Iterated Greedy, Multi-objective, Scheduling}
}

@inproceedings{Matejka2017SameGraphs,
    title = {{Same Stats, Different Graphs}},
    year = {2017},
    booktitle = {Proceedings of the 2017 CHI Conference on Human Factors in Computing Systems  - CHI '17},
    author = {Matejka, Justin and Fitzmaurice, George},
    pages = {1290--1294},
    publisher = {ACM Press},
    url = {http://dl.acm.org/citation.cfm?doid=3025453.3025912},
    address = {New York, New York, USA},
    isbn = {9781450346559},
    doi = {10.1145/3025453.3025912},
    keywords = {anscombe, scatter plots, visualization}
}

@article{RamosSamplingExploration,
    title = {{Sampling Techniques to Improve Big Data Exploration}},
    author = {Ramos, Julian A and Mary, Rojas and Kery, Beth and Rosenthal, Stephanie and Dey, Anind},
    url = {http://www.rosenthalphd.com/papers/RosenthalRojas_LDAV17.pdf},
    keywords = {Data Filtering, Human-Computer Interaction Index Terms, Visual Knowledge Discovery}
}

@article{HeidariScalableChallenges,
    title = {{Scalable Graph Processing Frameworks: A Taxonomy and Open Challenges}},
    journal = {ACM Transactions on xxxxxxxx},
    author = {Heidari, Safiollah and Simmhan, Yogesh and Calheiros, Rodrigo N and Buyya, Rajkumar},
    number = {x},
    volume = {xx},
    url = {http://www.acm.org/about/class/class/2012.},
    keywords = {Additional Key Words and Phrases, Big data, distributed systems ACM Reference Format, graph processing, large graphs, parallel processing}
}

@article{Cattell2011ScalableStores,
    title = {{Scalable SQL and NoSQL data stores}},
    year = {2011},
    journal = {ACM SIGMOD Record},
    author = {Cattell, Rick},
    number = {4},
    pages = {12},
    volume = {39},
    isbn = {9781450307178},
    doi = {10.1145/1978915.1978919},
    issn = {01635808}
}

@article{Ciavotta2009SchedulingManufacturing,
    title = {{Scheduling dispensing and counting in secondary pharmaceutical manufacturing}},
    year = {2009},
    journal = {AIChE Journal},
    author = {Ciavotta, Michele and Meloni, Carlo and Pranzo, Marco},
    number = {5},
    pages = {1161--1170},
    volume = {55},
    keywords = {Operations management, Pharmaceutical industry, Pilot method, Rollout algorithm, Scheduling}
}

@article{Hughes2005SecurityOverview,
    title = {{Security assertion markup language (saml) v2. 0 technical overview}},
    year = {2005},
    journal = {OASIS SSTC Working Draft sstc-saml-tech-overview-2.0-draft-08},
    author = {Hughes, John and Maler, Eve},
    pages = {29--38}
}

@article{Batista2017Services4.0,
    title = {{Services enabler architecture for smart grid and smart living services providers under industry 4.0}},
    year = {2017},
    journal = {Energy and Buildings},
    author = {Batista, N. C. and Mel{\'{i}}cio, R. and Mendes, V. M.F.},
    volume = {141},
    doi = {10.1016/j.enbuild.2017.02.039},
    issn = {03787788}
}

@article{Schleich2017ShapingEngineering,
    title = {{Shaping the digital twin for design and production engineering}},
    year = {2017},
    journal = {CIRP Annals},
    author = {Schleich, Benjamin and Anwer, Nabil and Mathieu, Luc and Wartzack, Sandro},
    number = {1},
    month = {1},
    pages = {141--144},
    volume = {66},
    publisher = {Elsevier},
    url = {https://www.sciencedirect.com/science/article/pii/S0007850617300409?_rdoc=1&_fmt=high&_origin=gateway&_docanchor=&md5=b8429449ccfc9c30159a5f9aeaa92ffb&dgcid=raven_sd_recommender_email},
    doi = {10.1016/J.CIRP.2017.04.040},
    issn = {0007-8506}
}

@article{Schleich2017ShapingEngineeringb,
    title = {{Shaping the digital twin for design and production engineering}},
    year = {2017},
    journal = {CIRP Annals},
    author = {Schleich, Benjamin and Anwer, Nabil and Mathieu, Luc and Wartzack, Sandro},
    number = {1},
    month = {1},
    pages = {141--144},
    volume = {66},
    publisher = {Elsevier},
    url = {https://www.sciencedirect.com/science/article/pii/S0007850617300409},
    doi = {10.1016/J.CIRP.2017.04.040},
    issn = {0007-8506}
}

@article{Schleich2017ShapingEngineeringc,
    title = {{Shaping the digital twin for design and production engineering}},
    year = {2017},
    journal = {CIRP Annals},
    author = {Schleich, Benjamin and Anwer, Nabil and Mathieu, Luc and Wartzack, Sandro},
    number = {1},
    month = {1},
    pages = {141--144},
    volume = {66},
    publisher = {Elsevier},
    url = {https://www.sciencedirect.com/science/article/pii/S0007850617300409},
    doi = {10.1016/J.CIRP.2017.04.040},
    issn = {0007-8506}
}

@article{Kang2016SmartDirections,
    title = {{Smart manufacturing: Past research, present findings, and future directions}},
    year = {2016},
    journal = {International Journal of Precision Engineering and Manufacturing - Green Technology},
    author = {Kang, Hyoung Seok and Lee, Ju Yeon and Choi, Sangsu and Kim, Hyun and Park, Jun Hee and Son, Ji Yeon and Kim, Bo Hyun and Noh, Sang Do},
    number = {1},
    volume = {3},
    isbn = {2288-6206},
    doi = {10.1007/s40684-016-0015-5},
    issn = {21980810}
}

@article{Thames2016Software-defined4.0,
    title = {{Software-defined Cloud Manufacturing for Industry 4.0}},
    year = {2016},
    journal = {Procedia CIRP},
    author = {Thames, Lane and Schaefer, Dirk},
    month = {1},
    pages = {12--17},
    volume = {52},
    publisher = {Elsevier},
    url = {http://www.sciencedirect.com/science/article/pii/S2212827116307910?_rdoc=1&_fmt=high&_origin=gateway&_docanchor=&md5=b8429449ccfc9c30159a5f9aeaa92ffb&dgcid=raven_sd_recommender_email},
    doi = {10.1016/J.PROCIR.2016.07.041},
    issn = {2212-8271}
}

@article{Franceschelli2013Space4Cloud:Systems,
    title = {{Space4Cloud: : a tool for system performance and cost evaluation of cloud systems}},
    year = {2013},
    journal = {Proceedings of the 2013 international workshop on Multi-cloud applications and federated clouds - MultiCloud '13},
    author = {Franceschelli, Davide and Ardagna, Danilo and Ciavotta, Michele and Di Nitto, Elisabetta},
    pages = {27--34},
    isbn = {9781450320504},
    doi = {10.1145/2462326.2462333},
    keywords = {cloud computing, model-driven software development, performance prediction}
}

@inproceedings{Guerriero2015SPACE4Cloud:Applications,
    title = {{SPACE4Cloud: a DevOps environment for multi-cloud applications}},
    year = {2015},
    booktitle = {Proceedings of the 1st International Workshop on Quality-Aware DevOps - QUDOS 2015},
    author = {Guerriero, Michele and Ciavotta, Michele and Gibilisco, Giovanni Paolo and Ardagna, Danilo},
    pages = {29--30},
    publisher = {ACM Press},
    url = {http://www.scopus.com/inward/record.url?eid=2-s2.0-84960352787&partnerID=40&md5=78eb2fc08d2801993ff5db80c68abb89\nhttp://dl.acm.org/citation.cfm?doid=2804371.2804378}
}

@inproceedings{Franceschelli2013SPACE4CLOUD:Systemsb,
    title = {{SPACE4CLOUD: A tool for system performance and cost evaluation of CLOUD systems}},
    year = {2013},
    booktitle = {MultiCloud 2013 - Proceedings of the International Workshop on Multi-Cloud Applications and Federated Clouds},
    author = {Franceschelli, D. and Ardagna, D. and Ciavotta, M. and Di Nitto, E.},
    pages = {27--34},
    keywords = {Cloud computing, Model-driven software development, Performance prediction}
}

@article{Zaharia2010SparkSets,
    title = {{Spark : Cluster Computing with Working Sets}},
    year = {2010},
    journal = {HotCloud'10 Proceedings of the 2nd USENIX conference on Hot topics in cloud computing},
    author = {Zaharia, Matei and Chowdhury, Mosharaf and Franklin, Michael J and Shenker, Scott and Stoica, Ion},
    pages = {10},
    isbn = {1432-2161 (Electronic){\textbackslash}n0364-2348 (Linking)},
    doi = {10.1007/s00256-009-0861-0},
    issn = {03642348},
    pmid = {20205351},
    arxivId = {arXiv:1011.1669v3}
}

@article{KimSparkle:Analytics,
    title = {{Sparkle: Optimizing Spark for Large Memory Machines and Analytics}},
    author = {Kim, Mijung and Li, Jun and Volos, Haris and Marwah, Manish and Ulanov, Alexander and Keeton, Kimberly and Tucek, Joseph and Cherkasova, Lucy and Xu, Le and Fernando, Pradeep},
    url = {https://arxiv.org/pdf/1708.05746.pdf}
}

@article{PrudhommeauxSPARQLRDF,
    title = {{SPARQL Query Language for RDF}},
    author = {Prud'hommeaux, Eric and Seaborne, Andy}
}

@article{Ciavotta2016SpeedingScheduling,
    title = {{Speeding up a Rollout algorithm for complex parallel machine scheduling}},
    year = {2016},
    journal = {International Journal of Production Research},
    author = {Ciavotta, M. and Meloni, C. and Pranzo, M.},
    pages = {1--17},
    keywords = {Pilot method, Rollout algorithm, job scheduling, parallel machines}
}

@inproceedings{JingHan2011SurveyDatabase,
    title = {{Survey on NoSQL database}},
    year = {2011},
    booktitle = {2011 6th International Conference on Pervasive Computing and Applications},
    author = {{Jing Han} and {Haihong E} and {Guan Le} and {Jian Du}},
    month = {10},
    pages = {363--366},
    publisher = {IEEE},
    url = {http://ieeexplore.ieee.org/document/6106531/},
    isbn = {978-1-4577-0208-2},
    doi = {10.1109/ICPCA.2011.6106531},
    issn = {978-1-4577-0207-5},
    pmid = {18805674},
    arxivId = {1307.0191},
    keywords = {Big Data, NoSQL, column-oriented, database, document, key-value}
}

@article{Erol2016TangibleProduction,
    title = {{Tangible Industry 4.0: A Scenario-Based Approach to Learning for the Future of Production}},
    year = {2016},
    journal = {Procedia CIRP},
    author = {Erol, Selim and J{\"{a}}ger, Andreas and Hold, Philipp and Ott, Karl and Sihn, Wilfried},
    month = {1},
    pages = {13--18},
    volume = {54},
    publisher = {Elsevier},
    url = {http://www.sciencedirect.com/science/article/pii/S2212827116301500?_rdoc=1&_fmt=high&_origin=gateway&_docanchor=&md5=b8429449ccfc9c30159a5f9aeaa92ffb},
    doi = {10.1016/J.PROCIR.2016.03.162},
    issn = {2212-8271}
}

@inproceedings{Hickey2008TheLanguage,
    title = {{The Clojure programming language}},
    year = {2008},
    booktitle = {Proceedings of the 2008 symposium on Dynamic languages - DLS '08},
    author = {Hickey, Rich},
    pages = {1--1},
    publisher = {ACM Press},
    url = {http://portal.acm.org/citation.cfm?doid=1408681.1408682},
    address = {New York, New York, USA},
    isbn = {9781605582702},
    doi = {10.1145/1408681.1408682}
}

@inproceedings{Vachalek2017TheConcept,
    title = {{The digital twin of an industrial production line within the industry 4.0 concept}},
    year = {2017},
    booktitle = {Proceedings of the 2017 21st International Conference on Process Control, PC 2017},
    author = {Vachalek, Jan and Bartalsky, Lukas and Rovny, Oliver and Sismisova, Dana and Morhac, Martin and Loksik, Milan},
    isbn = {9781538640111},
    doi = {10.1109/PC.2017.7976223}
}

@article{Uhlemann2017TheSystems,
    title = {{The Digital Twin: Demonstrating the Potential of Real Time Data Acquisition in Production Systems}},
    year = {2017},
    journal = {Procedia Manufacturing},
    author = {Uhlemann, Thomas H.-J. and Schock, Christoph and Lehmann, Christian and Freiberger, Stefan and Steinhilper, Rolf},
    month = {1},
    pages = {113--120},
    volume = {9},
    publisher = {Elsevier},
    url = {https://www.sciencedirect.com/science/article/pii/S2351978917301610?_rdoc=1&_fmt=high&_origin=gateway&_docanchor=&md5=b8429449ccfc9c30159a5f9aeaa92ffb&dgcid=raven_sd_recommender_email},
    doi = {10.1016/J.PROMFG.2017.04.043},
    issn = {2351-9789}
}

@article{Uhlemann2017The4.0,
    title = {{The Digital Twin: Realizing the Cyber-Physical Production System for Industry 4.0}},
    year = {2017},
    journal = {Procedia CIRP},
    author = {Uhlemann, Thomas H.-J. and Lehmann, Christian and Steinhilper, Rolf},
    month = {1},
    pages = {335--340},
    volume = {61},
    publisher = {Elsevier},
    url = {http://www.sciencedirect.com/science/article/pii/S2212827116313129?_rdoc=1&_fmt=high&_origin=gateway&_docanchor=&md5=b8429449ccfc9c30159a5f9aeaa92ffb&dgcid=raven_sd_recommender_email},
    doi = {10.1016/J.PROCIR.2016.11.152},
    issn = {2212-8271}
}

@article{Uhlemann2017The4.0b,
    title = {{The Digital Twin: Realizing the Cyber-Physical Production System for Industry 4.0}},
    year = {2017},
    journal = {Procedia CIRP},
    author = {Uhlemann, Thomas H.-J. and Lehmann, Christian and Steinhilper, Rolf},
    month = {1},
    pages = {335--340},
    volume = {61},
    publisher = {Elsevier},
    url = {https://www.sciencedirect.com/science/article/pii/S2212827116313129},
    doi = {10.1016/J.PROCIR.2016.11.152}
}

@article{Robinson1981TheK-D-B-tree,
    title = {{The K-D-B-tree}},
    year = {1981},
    journal = {Proceedings of the 1981 ACM SIGMOD international conference on Management of data - SIGMOD '81},
    author = {Robinson, John T},
    pages = {10},
    url = {http://repository.cmu.edu/compsci http://portal.acm.org/citation.cfm?doid=582318.582321},
    isbn = {0897910400},
    doi = {10.1145/582318.582321},
    keywords = {Search theory.}
}

@article{ShowcaseTheIndexes,
    title = {{The K-D-B-Tree : a search structure for large multidimensional dynamic indexes}},
    author = {Showcase, Research and Cmu, @ and Robinson, John T},
    url = {http://repository.cmu.edu/compsci},
    keywords = {Search theory.}
}

@book{Ries2011TheBusinesses,
    title = {{The Lean Startup: How Today's Entrepreneurs Use Continuous Innovation to Create Radically Successful Businesses}},
    year = {2011},
    booktitle = {Crown Business},
    author = {Ries, Eric},
    pages = {1--336},
    isbn = {9780307887894},
    doi = {23},
    issn = {17083087},
    pmid = {11214543},
    arxivId = {arXiv:1011.1669v3}
}

@article{Hart2012TheUS26.00.,
    title = {{The Lean Startup: How Today's Entrepreneurs Use Continuous Innovation to Create Radically Successful Businesses Eric Ries. New York: Crown Business, 2011. 320 pages. US{\$}26.00.}},
    year = {2012},
    journal = {Journal of Product Innovation Management},
    author = {Hart, Mark A},
    number = {3},
    month = {5},
    pages = {508--509},
    volume = {29},
    url = {http://doi.wiley.com/10.1111/j.1540-5885.2012.00920_2.x},
    doi = {10.1111/j.1540-5885.2012.00920{\_}2.x},
    issn = {07376782}
}

@techreport{Gerhards2009TheProtocol,
    title = {{The Syslog Protocol}},
    year = {2009},
    author = {Gerhards, R.},
    month = {3},
    url = {https://tools.ietf.org/html/rfc5424?id=311 https://www.rfc-editor.org/info/rfc5424},
    isbn = {9788578110796},
    doi = {10.17487/rfc5424},
    issn = {1098-6596},
    pmid = {25246403},
    arxivId = {arXiv:1011.1669v3}
}

@article{Soderberg2017TowardProduction,
    title = {{Toward a Digital Twin for real-time geometry assurance in individualized production}},
    year = {2017},
    journal = {CIRP Annals},
    author = {S{\"{o}}derberg, Rikard and W{\"{a}}rmefjord, Kristina and Carlson, Johan S. and Lindkvist, Lars},
    number = {1},
    month = {1},
    pages = {137--140},
    volume = {66},
    publisher = {Elsevier},
    url = {https://www.sciencedirect.com/science/article/pii/S0007850617300380?_rdoc=1&_fmt=high&_origin=gateway&_docanchor=&md5=b8429449ccfc9c30159a5f9aeaa92ffb&dgcid=raven_sd_recommender_email},
    doi = {10.1016/J.CIRP.2017.04.038},
    issn = {0007-8506}
}

@phdthesis{Maier2013TowardsArchitecture,
    title = {{Towards a Big Data Reference Architecture}},
    year = {2013},
    author = {Maier, Markus},
    pages = {1--144},
    url = {https://www.semanticscholar.org/paper/Towards-a-Big-Data-Reference-Architecture-Maier-Vanderfeesten/21c114b07f078c48691564e2f5e6781c5ee6ccc2}
}

@article{Neubauer2015TowardsProcesses,
    title = {{Towards an Architecture for Human-aware Modeling and Execution of Production Processes}},
    year = {2015},
    journal = {IFAC-PapersOnLine},
    author = {Neubauer, Matthias and Krenn, Florian and Majoe, Dennis},
    number = {3},
    month = {1},
    pages = {294--299},
    volume = {48},
    publisher = {Elsevier},
    url = {https://www.sciencedirect.com/science/article/pii/S2405896315003365?_rdoc=1&_fmt=high&_origin=gateway&_docanchor=&md5=b8429449ccfc9c30159a5f9aeaa92ffb&dgcid=raven_sd_recommender_email},
    doi = {10.1016/J.IFACOL.2015.06.097},
    issn = {2405-8963}
}

@inproceedings{Oliff2017TowardsImprovement,
    title = {{Towards Industry 4.0 Utilizing Data-Mining Techniques: A Case Study on Quality Improvement}},
    year = {2017},
    booktitle = {Procedia CIRP},
    author = {Oliff, Harley and Liu, Ying},
    volume = {63},
    doi = {10.1016/j.procir.2017.03.311},
    issn = {22128271}
}

@article{Mrugalska2017Towards4.0,
    title = {{Towards Lean Production in Industry 4.0}},
    year = {2017},
    journal = {Procedia Engineering},
    author = {Mrugalska, Beata and Wyrwicka, Magdalena K.},
    month = {1},
    pages = {466--473},
    volume = {182},
    publisher = {Elsevier},
    url = {http://www.sciencedirect.com/science/article/pii/S1877705817312717?_rdoc=1&_fmt=high&_origin=gateway&_docanchor=&md5=b8429449ccfc9c30159a5f9aeaa92ffb},
    doi = {10.1016/J.PROENG.2017.03.135},
    issn = {1877-7058}
}

@article{KnapUnifiedViews:Management,
    title = {{UnifiedViews: An ETL Tool for RDF Data Management}},
    author = {Knap, Tomáš and Hane{\v{c}}{\'{a}}k, Peter and Kl{\'{i}}mek, Jakub and Mader, Christian and Ne{\v{c}}ask{\'{y}}, Martin and Nuffelen, Bert Van and {\v{S}}koda, Petr},
    url = {http://www.semantic-web-journal.net/system/files/swj1265.pdf}
}

@article{Shafiq2016Virtual4.0,
    title = {{Virtual Engineering Factory: Creating Experience Base for Industry 4.0}},
    year = {2016},
    journal = {Cybernetics and Systems},
    author = {Shafiq, Syed Imran and Sanin, Cesar and Szczerbicki, Edward and Toro, Carlos},
    number = {1-2},
    volume = {47},
    doi = {10.1080/01969722.2016.1128762},
    issn = {10876553}
}

@book{Lowe-Norris2000WindowsDirectory,
    title = {{Windows 2000 Active Directory}},
    year = {2000},
    author = {Lowe-Norris, Alistair G. and G./Denn, Alistair and {Robert}},
    pages = {621},
    publisher = {O'Reilly},
    url = {https://dl.acm.org/citation.cfm?id=555720},
    isbn = {1565926382}
}

@inproceedings{Hunt2010ZooKeeper:Systems,
    title = {{ZooKeeper: Wait-free Coordination for Internet-scale Systems}},
    year = {2010},
    booktitle = {USENIX Annual Technical Conference},
    author = {Hunt, Patrick and Konar, Mahadev and Junqueira, Flavio P. and Reed, Benjamin},
    pages = {11–11},
    volume = {8},
    url = {http://portal.acm.org/citation.cfm?id=1855851%5Cnhttps://www.usenix.org/event/usenix10/tech/full_papers/Hunt.pdf},
    isbn = {9781450325530},
    issn = {0210945x}
}