@misc{idc_analytics,
    author ={IDC},
    year = 2017,
    title = {Worldwide Semiannual Big Data and Analytics Spending Guide},
    url = {https://www.idc.com/getdoc.jsp?containerId=prUS42371417}
}

@misc{openrefine,
    month = june,
    year = 2018,
    title = {OpenRefine},
    url = {http://openrefine.org}
}

@misc{trifacta,
    month = june,
    year = 2018,
    title = {Trifacta},
    url = {https://www.trifacta.com/products/wrangler/}
}

@article{roman2016datagraft,
  title={DataGraft: One-stop-shop for open data management 1},
  author={Roman, Dumitru and Nikolov, Nikolay and Putlier, Antoine and Sukhobok, Dina and Elves{\ae}ter, Brian and Berre, Arne and Ye, Xianglin and Dimitrov, Marin and Simov, Alex and Zarev, Momchill and others},
  journal={Semantic Web},
  number={Preprint},
  pages={1--19},
  year={2016},
  publisher={IOS Press}
}

@inproceedings{sukhobok2016tabular,
  title={Tabular data cleaning and linked data generation with Grafterizer},
  author={Sukhobok, Dina and Nikolov, Nikolay and Pultier, Antoine and Ye, Xianglin and Berre, Arne and Moynihan, Rick and Roberts, Bill and Elves{\ae}ter, Brian and Mahasivam, Nivethika and Roman, Dumitru},
  booktitle={International Semantic Web Conference},
  pages={134--139},
  year={2016},
  organization={Springer}
}

@inproceedings{palmonari2015abstat,
  title={ABSTAT: linked data summaries with abstraction and statistics},
  author={Palmonari, Matteo and Rula, Anisa and Porrini, Riccardo and Maurino, Andrea and Spahiu, Blerina and Ferme, Vincenzo},
  booktitle={International Semantic Web Conference},
  pages={128--132},
  year={2015},
  organization={Springer}
}

@article{rahm2000data,
  title={Data cleaning: Problems and current approaches},
  author={Rahm, Erhard and Do, Hong Hai},
  journal={IEEE Data Eng. Bull.},
  volume={23},
  number={4},
  pages={3--13},
  year={2000}
}

@inproceedings{furche2016data,
  title={Data Wrangling for Big Data: Challenges and Opportunities.},
  author={Furche, Tim and Gottlob, Georg and Libkin, Leonid and Orsi, Giorgio and Paton, Norman W},
  booktitle={EDBT},
  pages={473--478},
  year={2016}
}

@article{lohr2014big,
  title={For big-data scientists,‘janitor work’is key hurdle to insights},
  author={Lohr, Steve},
  journal={New York Times},
  volume={17},
  year={2014}
}
@inproceedings{rojas2017sampling,
  title={Sampling techniques to improve big data exploration},
  author={Rojas, Julian A Ramos and Kery, Mary Beth and Rosenthal, Stephanie and Dey, Anind},
  booktitle={2017 IEEE 7th Symposium on Large Data Analysis and Visualization (LDAV)},
  pages={26--35},
  year={2017},
  organization={IEEE}
}

@article{ur2016big,
  title={Big data reduction methods: a survey},
  author={ur Rehman, Muhammad Habib and Liew, Chee Sun and Abbas, Assad and Jayaraman, Prem Prakash and Wah, Teh Ying and Khan, Samee U},
  journal={Data Science and Engineering},
  volume={1},
  number={4},
  pages={265--284},
  year={2016},
  publisher={Springer}
}